
@article{Palpanas2019,
	author = {Palpanas, Themis and Beckmann, Volker},
	title = {Report on the First and Second Interdisciplinary Time Series Analysis Workshop (ITISA)},
	journal = {SIGMOD Rec.},
	volume = {},
	number = {},
	year = {"Accepted for publication, 2019},
	pages = {}
} 

@inproceedings{DBLP:conf/edbt/GogolouTPB19,
	author    = {Anna Gogolou and
	Theophanis Tsandilas and
	Themis Palpanas and
	Anastasia Bezerianos},
	title     = {{Progressive Similarity Search on Time Series Data}},
	booktitle = {Proceedings of the Workshops of the {EDBT/ICDT} 2019 Joint Conference,
	{EDBT/ICDT} 2019, Lisbon, Portugal, March 26, 2019.},
	year      = {2019}
}

@inproceedings{DBLP:conf/kdd/ColeSZ05,
	author    = {Richard Cole and
	Dennis E. Shasha and
	Xiaojian Zhao},
	title     = {{Fast window correlations over uncooperative time series}},
	booktitle = {Proceedings of the Eleventh {ACM} {SIGKDD} International Conference
	on Knowledge Discovery and Data Mining, Chicago, Illinois, USA, August
	21-24, 2005},
	pages     = {743--749},
	year      = {2005}
}

@inproceedings{DBLP:conf/sigmod/ManninoA18,
	author    = {Miro Mannino and
	Azza Abouzied},
	title     = {{Qetch: Time Series Querying with Expressive Sketches}},
	booktitle = {Proceedings of the 2018 International Conference on Management of
	Data, {SIGMOD} Conference 2018, Houston, TX, USA, June 10-15, 2018},
	pages     = {1741--1744},
	year      = {2018}
}

@misc{UCRArchive,
	title={{The UCR Time Series Classification Archive}},
	author={ Chen, Yanping and Keogh, Eamonn and Hu, Bing and Begum, Nurjahan and Bagnall, Anthony and Mueen, Abdullah and Batista, Gustavo},
	year={2015},
	month={July},
	note = {\url{www.cs.ucr.edu/~eamonn/time_series_data/}}
}

@article{DBLP:journals/datamine/BagnallLBLK17,
  author    = {Anthony J. Bagnall and
               Jason Lines and
               Aaron Bostrom and
               James Large and
               Eamonn J. Keogh},
  title     = {The great time series classification bake off: a review and experimental evaluation of recent algorithmic advances},
  journal   = {Data Min. Knowl. Discov.},
  volume    = {31},
  number    = {3},
  pages     = {606--660},
  year      = {2017}
}

@misc{url/data/deep1b,
	author = {{Skoltech Computer Vision}},
	title = {{Deep billion-scale indexing}},
	howpublished = {\url{http://sites.skoltech.ru/compvision/noimi}},
	year = {2018},
}
@misc{url/data/sift,
	author = {{TEXMEX Research Team}},
	title = {{Datasets for approximate nearest neighbor search}},
	howpublished = {\url{http://corpus-texmex.irisa.fr/}},
	year = {2018},
}
@misc{url/data/eeg,
	author = {Southwest University},
	title = {{Southwest University Adult Lifespan Dataset (SALD)}},
	howpublished = {\url{http://fcon_1000.projects.nitrc.org/indi/retro/sald.html?utm_source=newsletter&utm_medium=email&utm_content=See%20Data&utm_campaign=indi-1}},
	year = {2018},
}
@inproceedings{conf/icde/Rafiei99,
  author    = {Davood Rafiei},
  title     = {{On Similarity-Based Queries for Time Series Data}},
  booktitle = {Proceedings of the 15th International Conference on Data Engineering,
               Sydney, Austrialia, March 23-26, 1999},
  pages     = {410--417},
  year      = {1999},
  crossref  = {DBLP:conf/icde/99},
  url       = {https://doi.org/10.1109/ICDE.1999.754957},
  doi       = {10.1109/ICDE.1999.754957},
  timestamp = {Wed, 17 May 2017 10:55:13 +0200},
  biburl    = {http://dblp.org/rec/bib/conf/icde/Rafiei99},
  bibsource = {dblp computer science bibliography, http://dblp.org}
}

@inproceedings{VALMOD,
	author    = {Michele Linardi and Yan Zhu and Themis Palpanas and Eamonn J. Keogh},
	title     = {{Matrix Profile {X}: VALMOD - Scalable Discovery of Variable-Length Motifs in Data Series}},
	journal   = {SIGMOD},
	year      = {2018},
}

@inproceedings{ulisse,
	author    = {Michele Linardi and Themis Palpanas},
	title     = {{ULISSE: ULtra compact Index for Variable-Length Similarity SEarch in Data Series}},
	booktitle = {ICDE},
	year      = {2018},
}

@INPROCEEDINGS{dpisax,
	author={D. E. {Yagoubi} and R. {Akbarinia} and F. {Masseglia} and T. {Palpanas}},
	booktitle={2017 IEEE International Conference on Data Mining (ICDM)},
	title={{DPiSAX: Massively Distributed Partitioned iSAX}},
	year={2017},
	volume={},
	number={},
	pages={1135-1140},
}

@article{conf/icdt/Beyer1999,
	author = {Beyer, Kevin S. and Goldstein, Jonathan and Ramakrishnan, Raghu and Shaft, Uri},
	title = {{When Is ''Nearest Neighbor'' Meaningful?}},
	booktitle = {Proceedings of the 7th International Conference on Database Theory},
	series = {ICDT '99},
	year = {1999},
	isbn = {3-540-65452-6},
	pages = {217--235},
	numpages = {19},
	url = {http://dl.acm.org/citation.cfm?id=645503.656271},
	acmid = {656271},
	publisher = {Springer-Verlag},
	address = {London, UK, UK},
}

@inproceedings{conf/kdd/ColeSZ05,
  author    = {Richard Cole and
               Dennis E. Shasha and
               Xiaojian Zhao},
  title     = {{Fast window correlations over uncooperative time series}},
  booktitle = {Proceedings of the Eleventh {ACM} {SIGKDD} International Conference on Knowledge Discovery and Data Mining, Chicago, Illinois, USA, August 21-24, 2005},
  pages     = {743--749},
  year      = {2005},
  crossref  = {DBLP:conf/kdd/2005},
  url       = {http://doi.acm.org/10.1145/1081870.1081966},
  doi       = {10.1145/1081870.1081966},
  timestamp = {Thu, 11 Aug 2016 11:10:45 +0200},
  biburl    = {http://dblp.org/rec/bib/conf/kdd/ColeSZ05},
  bibsource = {dblp computer science bibliography, http://dblp.org}
}

@article{journal/vldb/Dallachiesa2014,
	author = {Dallachiesa, Michele and Palpanas, Themis and Ilyas, Ihab F.},
	title = {{Top-k Nearest Neighbor Search in Uncertain Data Series}},
	journal = {PVLDB},
	volume = {8},
	number = {1},
	year = {2014},
	issn = {2150-8097},
	pages = {13--24},
	numpages = {12},
	url = {http://dx.doi.org/10.14778/2735461.2735463},
	doi = {10.14778/2735461.2735463},
	acmid = {2735463},
}

@misc{url/data/seismic,
	author = {Incorporated Research Institutions for Seismology with Artificial Intelligence},
	title = {{Seismic Data Access}},
	howpublished = {\url{http://ds.iris.edu/data/access/}},
	year = {2018},
}
@misc{url/DSSeval,
	title = {{Lernaean Hydra Archive}},
	howpublished = {\url{http://www.mi.parisdescartes.fr/~themisp/dsseval/}},
	year = {2018},
}

@misc{url/DSSeval2,
	title = {{Lernaean Hydra Archive II}},
	howpublished = {\url{http://www.mi.parisdescartes.fr/~themisp/dsseval2/}},
	year = {2019},
}

@misc{url/faiss,
	title = {Faiss},
	howpublished="\url{https://github.com/facebookresearch/faiss/}",
	year = 2019
}
@misc{url/srs,
	author = {DB Wang Group UNSW},
	title = {{SRS - Fast Approximate Nearest Neighbor Search in High Dimensional Euclidean Space With a Tiny Index}},
	howpublished = {\url{https://github.com/DBWangGroupUNSW/SRS}},
	year = {2019},
}
@misc{url/hnsw,
title = {{Hnswlib - fast approximate nearest neighbor search}},
howpublished = {\url{https://github.com/nmslib/hnswlib}},
year = {2019},
}


@inproceedings{DBLP:conf/kdd/SarangiM10,
  author    = {Smruti R. Sarangi and
               Karin Murthy},
  title     = {{DUST:} a generalized notion of similarity between uncertain time
               series},
  booktitle = {Proceedings of the 16th {ACM} {SIGKDD} International Conference on
               Knowledge Discovery and Data Mining, Washington, DC, USA, July 25-28,
               2010},
  pages     = {383--392},
  year      = {2010},
  url       = {http://doi.acm.org/10.1145/1835804.1835854},
  doi       = {10.1145/1835804.1835854},
  timestamp = {Wed, 11 Dec 2013 16:46:50 +0100},
  biburl    = {http://dblp.org/rec/bib/conf/kdd/SarangiM10},
  bibsource = {dblp computer science bibliography, http://dblp.org}
}

@inproceedings{DBLP:conf/edbt/YehWYC09,
  author    = {Mi{-}Yen Yeh and
               Kun{-}Lung Wu and
               Philip S. Yu and
               Ming{-}Syan Chen},
  title     = {{PROUD:} a probabilistic approach to processing similarity queries
               over uncertain data streams},
  booktitle = {{EDBT} 2009, 12th International Conference on Extending Database Technology,
               Saint Petersburg, Russia, March 24-26, 2009, Proceedings},
  pages     = {684--695},
  year      = {2009},
  url       = {http://doi.acm.org/10.1145/1516360.1516439},
  doi       = {10.1145/1516360.1516439},
  timestamp = {Fri, 02 Jun 2017 20:49:43 +0200},
  biburl    = {http://dblp.org/rec/bib/conf/edbt/YehWYC09},
  bibsource = {dblp computer science bibliography, http://dblp.org}
}

@inproceedings{DBLP:conf/ssdbm/AssfalgKKR09,
  author    = {Johannes A{\ss}falg and
               Hans{-}Peter Kriegel and
               Peer Kr{\"{o}}ger and
               Matthias Renz},
  title     = {{Probabilistic Similarity Search for Uncertain Time Series}},
  booktitle = {Scientific and Statistical Database Management, 21st International
               Conference, {SSDBM} 2009, New Orleans, LA, USA, June 2-4, 2009, Proceedings},
  pages     = {435--443},
  year      = {2009},
  url       = {https://doi.org/10.1007/978-3-642-02279-1_31},
  doi       = {10.1007/978-3-642-02279-1_31},
  timestamp = {Sun, 21 May 2017 00:16:55 +0200},
  biburl    = {http://dblp.org/rec/bib/conf/ssdbm/AssfalgKKR09},
  bibsource = {dblp computer science bibliography, http://dblp.org}
}

@inproceedings{DBLP:conf/icde/ChenNOT07,
  author    = {Yueguo Chen and
               Mario A. Nascimento and
               Beng Chin Ooi and
               Anthony K. H. Tung},
  title     = {{SpADe: On Shape-based Pattern Detection in Streaming Time Series}},
  booktitle = {Proceedings of the 23rd International Conference on Data Engineering,
               {ICDE} 2007, The Marmara Hotel, Istanbul, Turkey, April 15-20, 2007},
  pages     = {786--795},
  year      = {2007},
  url       = {https://doi.org/10.1109/ICDE.2007.367924},
  doi       = {10.1109/ICDE.2007.367924},
  timestamp = {Wed, 17 May 2017 10:55:13 +0200},
  biburl    = {http://dblp.org/rec/bib/conf/icde/ChenNOT07},
  bibsource = {dblp computer science bibliography, http://dblp.org}
}

@inproceedings{DBLP:conf/edbt/AssfalgKKKPR06,
  author    = {Johannes A{\ss}falg and
               Hans{-}Peter Kriegel and
               Peer Kr{\"{o}}ger and
               Peter Kunath and
               Alexey Pryakhin and
               Matthias Renz},
  title     = {{Similarity Search on Time Series Based on Threshold Queries}},
  booktitle = {Advances in Database Technology - {EDBT} 2006, 10th International
               Conference on Extending Database Technology, Munich, Germany, March
               26-31, 2006, Proceedings},
  pages     = {276--294},
  year      = {2006},
  url       = {https://doi.org/10.1007/11687238_19},
  doi       = {10.1007/11687238_19},
  timestamp = {Tue, 30 May 2017 16:36:53 +0200},
  biburl    = {http://dblp.org/rec/bib/conf/edbt/AssfalgKKKPR06},
  bibsource = {dblp computer science bibliography, http://dblp.org}
}


@article{journal/dmkd/Keogh2003,
	author = {Keogh, Eamonn and Kasetty, Shruti},
	title = {{On the Need for Time Series Data Mining Benchmarks: A Survey and Empirical Demonstration}},
	journal = {Data Min. Knowl. Discov.},
	issue_date = {October 2003},
	volume = {7},
	number = {4},
	month = oct,
	year = {2003},
	issn = {1384-5810},
	pages = {349--371},
	numpages = {23},
	url = {https://doi.org/10.1023/A:1024988512476},
	doi = {10.1023/A:1024988512476},
	acmid = {861112},
	publisher = {Kluwer Academic Publishers},
	address = {Hingham, MA, USA},
	keywords = {data mining, experimental evaluation, time series},
} 



@article{conf/vldb/Ding2008,
  title={Querying and mining of time series data: experimental comparison of representations and distance measures},
  author={Ding, Hui and Trajcevski, Goce and Scheuermann, Peter and Wang, Xiaoyue and Keogh, Eamonn},
  journal={PVLDB},
  volume={1},
  number={2},
  pages={1542--1552},
  year={2008},
}

@article{das1997finding,
  title={Finding similar time series},
  author={Das, Gautam and Gunopulos, Dimitrios and Mannila, Heikki},
  journal={Principles of Data Mining and Knowledge Discovery},
  pages={88--100},
  year={1997},
  publisher={Springer}
}

@inproceedings{berndt1994using,
  title={{Using Dynamic Time Warping to Find Patterns in Time Series}},
  author={Berndt, Donald J and Clifford, James},
  booktitle={AAAIWS},
  pages={359--370},
  year={1994}
}

@article{windturbines,
  title={{Flexible Non-Linear Predictive Models for Large-Scale Wind Turbine Diagnostics}},
  author={Martin Bach-Andersen and Bo Romer-Odgaard and Ole Winther},
  journal={Wind Energy},
  volume={20},
  number={5},
  pages={753-764},
  year={2017}
}

@article{spikesorting,
title = {An online adaptive screening procedure for selective neuronal responses},
journal = {{Journal of Neuroscience Methods}},
volume = "291",
number = "Supplement C",
pages = "36 - 42",
year = "2017",
issn = "0165-0270",
doi = "https://doi.org/10.1016/j.jneumeth.2017.08.002",
url = "http://www.sciencedirect.com/science/article/pii/S0165027017302832",
author = "S. Knieling and J. Niediek and E. Kutter and J. Bostroem and C.E. Elger and F. Mormann",
keywords = "Single units, Biofeedback, Online spike sorting, Neuronal response, Tuning curve"
}

@article{volker,
  title={{Long-term variability of AGN at hard X-rays}},
  author={Soldi, S and Beckmann, Volker and Baumgartner, WH and Ponti, Gabriele and Shrader, Chris R and Lubi{\'n}ski, P and Krimm, HA and Mattana, F and Tueller, Jack},
  journal={Astronomy \& Astrophysics},
  volume={563},
  pages={A57},
  year={2014},
  publisher={EDP Sciences}
}

@article{HuijseEPPZ14,
  author    = {Pablo Huijse and
               Pablo A. Est{\'{e}}vez and
               Pavlos Protopapas and
               Jose C. Principe and
               Pablo Zegers},
  title     = {{Computational Intelligence Challenges and Applications on Large-Scale
               Astronomical Time Series Databases}},
  journal   = {{IEEE} Comp. Int. Mag.},
  volume    = {9},
  number    = {3},
  pages     = {27--39},
  year      = {2014}
}

@article{percomJournal,
  author    = {Usman Raza and
               Alessandro Camerra and
               Amy L. Murphy and
               Themis Palpanas and
               Gian Pietro Picco},
  title     = {{Practical Data Prediction for Real-World Wireless Sensor Networks}},
  journal   = {{IEEE} Trans. Knowl. Data Eng.},
  volume    = {27},
  number    = {8},
  year      = {2015}
}

@inproceedings{DBLP:conf/edbt/MirylenkaCPPM16,
  author    = {Katsiaryna Mirylenka and
               Vassilis Christophides and
               Themis Palpanas and
               Ioannis Pefkianakis and
               Martin May},
  title     = {{Characterizing Home Device Usage From Wireless Traffic Time Series}},
  booktitle = {EDBT},
  pages     = {551--562},
  year      = {2016},
  crossref  = {DBLP:conf/edbt/2016},
  url       = {http://dx.doi.org/10.5441/002/edbt.2016.51},
  doi       = {10.5441/002/edbt.2016.51},
  timestamp = {Tue, 01 Mar 2016 12:01:05 +0100},
  biburl    = {http://dblp.uni-trier.de/rec/bib/conf/edbt/MirylenkaCPPM16}
}

@inproceedings{humanbehaviorpatterns,
  author	= {Pavlos Paraskevopoulos and
               Thanh-Cong Dinh and
               Zolzaya Dashdorj and
               Themis Palpanas and
               Luciano Serafini},
  title		= {{Identification and Characterization of Human Behavior Patterns from Mobile Phone Data}},
  booktitle	= {D4D Challenge session, NetMob},
  year		= {2013}
}

@article{Shasha99,
  author    = {Dennis Shasha},
  title     = {{Tuning Time Series Queries in Finance: Case Studies and Recommendations}},
  journal   = {{IEEE} Data Eng. Bull.},
  volume    = {22},
  number    = {2},
  pages     = {40--46},
  year      = {1999}
}

@inproceedings{KashinoSM99,
  author    = {Kunio Kashino and
               Gavin Smith and
               Hiroshi Murase},
  title     = {Time-series active search for quick retrieval of audio and video},
  booktitle = {ICASSP},
  year      = {1999}
}

@article{DBLP:journal/sigmod/Palpanas15,
  author    = {Themis Palpanas},
  title     = {{Data Series Management: The Road to Big Sequence Analytics}},
  journal   = {{SIGMOD} Record},
  volume    = {44},
  number    = {2},
  pages     = {47--52},
  year      = {2015},
  url       = {http://doi.acm.org/10.1145/2814710.2814719},
  doi       = {10.1145/2814710.2814719},
  timestamp = {Thu, 13 Aug 2015 11:37:00 +0200},
  biburl    = {http://dblp.org/rec/bib/journals/sigmod/Palpanas15},
  bibsource = {dblp computer science bibliography, http://dblp.org}
}

@inproceedings{DBLP:conf/ssdbm/MirylenkaDP17,
  author    = {Katsiaryna Mirylenka and
               Michele Dallachiesa and
               Themis Palpanas},
  title     = {{Data Series Similarity Using Correlation-Aware Measures}},
  booktitle = {Proceedings of the 29th International Conference on Scientific and
               Statistical Database Management, Chicago, IL, USA, June 27-29, 2017},
  pages     = {11:1--11:12},
  year      = {2017}
}

@inproceedings{conf/sigmod/Guttman1984,
  author    = {Antonin Guttman},
  title     = {{R-Trees: {A} Dynamic Index Structure for Spatial Searching}},
  booktitle = {SIGMOD'84, Proceedings of Annual Meeting, Boston, Massachusetts, June
               18-21, 1984},
  pages     = {47--57},
  year      = {1984},
  crossref  = {DBLP:conf/sigmod/84},
  url       = {http://doi.acm.org/10.1145/602259.602266},
  doi       = {10.1145/602259.602266},
  timestamp = {Wed, 26 Jun 2013 08:43:13 +0200},
  biburl    = {http://dblp.uni-trier.de/rec/bib/conf/sigmod/Guttman84},
  bibsource = {dblp computer science bibliography, http://dblp.org}
}

@article{DBLP:journals/pvldb/DallachiesaNMP12,
  author    = {Michele Dallachiesa and
               Besmira Nushi and
               Katsiaryna Mirylenka and
               Themis Palpanas},
  title     = {{Uncertain Time-Series Similarity: Return to the Basics}},
  journal   = {{PVLDB}},
  volume    = {5},
  number    = {11},
  pages     = {1662--1673},
  year      = {2012},
  url       = {http://vldb.org/pvldb/vol5/p1662_micheledallachiesa_vldb2012.pdf},
  timestamp = {Fri, 17 Aug 2012 08:48:54 +0200},
  biburl    = {http://dblp.org/rec/bib/journals/pvldb/DallachiesaNMP12},
  bibsource = {dblp computer science bibliography, http://dblp.org}
}

@article{journal/jte/Williams2003,
  added-at = {2010-12-16T15:30:40.000+0100},
  author = {Williams, Billy M. and Hoel, Lester A.},
  biburl = {http://www.bibsonomy.org/bibtex/2d5e37f06cba05eb42337155fa11c00c6/naufraghi},
  description = {{Modeling and Forecasting Vehicular Traffic Flow as a Seasonal ARIMA Process: Theoretical Basis and Empirical Results}},
  doi = {10.1061/(ASCE)0733-947X(2003)129:6(664)},
  interhash = {b0bff9d2ce7b91ed890ef64e4cf0068d},
  intrahash = {d5e37f06cba05eb42337155fa11c00c6},
  journal = {Journal of Transportation Engineering},
  keywords = {data_analysis flow intelligent_structures relazione2010 road_traffic road_vehicles traffic-forecast-2009},
  number = 6,
  pages = {664-672},
  publisher = {ASCE},
  timestamp = {2010-12-16T15:30:41.000+0100},
  title = {Modeling and Forecasting Vehicular Traffic Flow as a Seasonal ARIMA Process: Theoretical Basis and Empirical Results},
  url = {http://link.aip.org/link/?QTE/129/664/1},
  volume = 129,
  year = 2003
}

@inproceedings{conf/kdd/Keogh1998,
  added-at = {2010-07-02T01:44:51.000+0200},
  address = {New York City, NY},
  author = {Keogh, Eamonn and Pazzani, M.},
  biburl = {http://www.bibsonomy.org/bibtex/2bcb7217b7dca9e2daa272af3e6465035/huiyangsfsu},
  booktitle = {Fourth International Conference on Knowledge Discovery and Data Mining ({KDD}'98)},
  description = {graph mining },
  editor = {Agrawal, R. and Stolorz, P. and Piatetsky-Shapiro, G.},
  interhash = {69b500c2b2825cb8ce6bf5d2b905248a},
  intrahash = {bcb7217b7dca9e2daa272af3e6465035},
  keywords = {imported},
  pages = {239--241},
  publisher = {ACM Press},
  timestamp = {2010-07-02T01:44:59.000+0200},
  title = {An enhanced representation of time series which allows fast and accurate classification, clustering and relevance feedback},
  year = 1998
}

@online{SENTINEL-2,
	author = {ESA},
	title = {{SENTINEL-2 Mission}},
	url={https://sentinel.esa.int/web/sentinel/missions/sentinel-2},
	year={2018}
}

@Inbook{conf/compstats/Hebrail2000,
author="H{\'e}brail, Georges",
editor="Bethlehem, Jelke G.
and van der Heijden, Peter G. M.",
title="Practical data mining in a large utility company",
bookTitle="COMPSTAT: Proceedings in Computational Statistics 14th Symposium held in Utrecht, The Netherlands, 2000",
year="2000",
publisher="Physica-Verlag HD",
address="Heidelberg",
pages="87--95",
isbn="978-3-642-57678-2",
doi="10.1007/978-3-642-57678-2_8",
url="http://dx.doi.org/10.1007/978-3-642-57678-2_8"
}

@article{journal/vldb/Zoumpatianos2016,
  author    = {Kostas Zoumpatianos and
               Stratos Idreos and
               Themis Palpanas},
  title     = {{ADS:} the adaptive data series index},
  journal   = {{The VLDB Journal}},
  volume    = {25},
  number    = {6},
  pages     = {843--866},
  year      = {2016},
  url       = {http://dx.doi.org/10.1007/s00778-016-0442-5},
  doi       = {10.1007/s00778-016-0442-5},
  timestamp = {Thu, 10 Nov 2016 09:12:43 +0100},
  biburl    = {http://dblp2.uni-trier.de/rec/bib/journals/vldb/ZoumpatianosIP16},
  bibsource = {dblp computer science bibliography, http://dblp.org}
}


@inproceedings{journal/edbt/Schafer2012,
 author = {Sch\"{a}fer, Patrick and H\"{o}gqvist, Mikael},
 title = {{SFA: A Symbolic Fourier Approximation and Index for Similarity Search in High Dimensional Datasets}},
 booktitle = {Proceedings of the 15th International Conference on Extending Database Technology},
 series = {EDBT '12},
 year = {2012},
 isbn = {978-1-4503-0790-1},
 location = {Berlin, Germany},
 pages = {516--527},
 numpages = {12},
 url = {http://doi.acm.org/10.1145/2247596.2247656},
 doi = {10.1145/2247596.2247656},
 acmid = {2247656},
 publisher = {ACM},
 address = {New York, NY, USA},
 keywords = {data mining, discretisation, indexing, symbolic representation, time series},
}

@inproceedings{conf/sdm/Rodrigues2006,
  added-at = {2014-02-12T00:00:00.000+0100},
  author = {Rodrigues, Pedro Pereira and Gama, João and Pedroso, João Pedro},
  biburl = {http://www.bibsonomy.org/bibtex/21a8a39019fade326c2e07d99281d1907/dblp},
  booktitle = {SDM},
  crossref = {conf/sdm/2006},
  editor = {Ghosh, Joydeep and Lambert, Diane and Skillicorn, David B. and Srivastava, Jaideep},
  ee = {http://dx.doi.org/10.1137/1.9781611972764.48},
  interhash = {39637f2ee9733ed6c2b89dc6a5c32467},
  intrahash = {1a8a39019fade326c2e07d99281d1907},
  isbn = {978-1-61197-276-4},
  keywords = {dblp},
  pages = {499-503},
  publisher = {SIAM},
  timestamp = {2015-06-19T08:52:21.000+0200},
  title = {{ODAC: Hierarchical Clustering of Time Series Data Streams.}},
  url = {http://dblp.uni-trier.de/db/conf/sdm/sdm2006.html#RodriguesGP06},
  year = 2006
}

@misc{url:adhd,
    title = {{ADHD-200}},
    howpublished="\url{http://fcon_1000.projects.nitrc.org/indi/adhd200/}",
    year=2018
}

@misc{url:sds,
    title = {{Sloan Digital Sky Survey}},
    howpublished="\url{https://www.sdss3.org/dr10/data_access/volume.php}",
    year=2018
}
@inproceedings{conf/pods/Ciaccia1998,
	author = {Ciaccia, Paolo and Patella, Marco and Zezula, Pavel},
	title = {{A Cost Model for Similarity Queries in Metric Spaces}},
	booktitle = {Proceedings of the Seventeenth ACM SIGACT-SIGMOD-SIGART Symposium on Principles of Database Systems},
	series = {PODS '98},
	year = {1998},
	isbn = {0-89791-996-3},
	location = {Seattle, Washington, USA},
	pages = {59--68},
	numpages = {10},
	url = {http://doi.acm.org/10.1145/275487.275495},
	doi = {10.1145/275487.275495},
	acmid = {275495},
	publisher = {ACM},
	address = {New York, NY, USA},
} 
@inproceedings{conf/icde/Ciaccia2000,
  added-at = {2014-08-09T00:00:00.000+0200},
  author = {Ciaccia, Paolo and Patella, Marco},
  biburl = {http://www.bibsonomy.org/bibtex/2aa3350b230c993d9f4fee03566d3348c/dblp},
  booktitle = {ICDE},
  ee = {http://doi.ieeecomputersociety.org/10.1109/ICDE.2000.839417},
  interhash = {ff87673b0a62113ba41718cea768e2c2},
  intrahash = {aa3350b230c993d9f4fee03566d3348c},
  keywords = {dblp},
  pages = {244-255},
  timestamp = {2015-06-18T10:02:43.000+0200},
  title = {{PAC Nearest Neighbor Queries: Approximate and Controlled Search in High-Dimensional and Metric Spaces.}},
  url = {http://dblp.uni-trier.de/db/conf/icde/icde2000.html#CiacciaP00},
  year = 2000
}
@inproceedings{conf/kdd/Karras2011,
  added-at = {2011-08-23T00:00:00.000+0200},
  author = {Kashyap, Shrikant and Karras, Panagiotis},
  biburl = {http://www.bibsonomy.org/bibtex/278108e671ff58b828cf20db8115a3531/dblp},
  booktitle = {KDD},
  crossref = {conf/kdd/2011},
  editor = {Apté, Chid and Ghosh, Joydeep and Smyth, Padhraic},
  ee = {http://doi.acm.org/10.1145/2020408.2020607},
  interhash = {455c953d8dc2bde2ebbbe3baac6cc368},
  intrahash = {78108e671ff58b828cf20db8115a3531},
  isbn = {978-1-4503-0813-7},
  keywords = {dblp},
  pages = {1334-1342},
  publisher = {ACM},
  timestamp = {2011-08-24T11:34:08.000+0200},
  title = {{Scalable kNN search on vertically stored time series.}},
  url = {http://dblp.uni-trier.de/db/conf/kdd/kdd2011.html#KashyapK11},
  year = 2011
}
@inproceedings{conf/kdd/Mueen2012,
  added-at = {2012-08-16T00:00:00.000+0200},
  author = {Rakthanmanon, Thanawin and Campana, Bilson J. L. and Mueen, Abdullah and Batista, Gustavo E. A. P. A. and Westover, M. Brandon and Zhu, Qiang and Zakaria, Jesin and Keogh, Eamonn J.},
  biburl = {http://www.bibsonomy.org/bibtex/2b343313740f75cb54c759b8ebc658c76/dblp},
  booktitle = {KDD},
  crossref = {conf/kdd/2012},
  editor = {Yang, Qiang and Agarwal, Deepak and Pei, Jian},
  ee = {http://doi.acm.org/10.1145/2339530.2339576},
  interhash = {4ce5c289e57b7172ded789c6fccc9edc},
  intrahash = {b343313740f75cb54c759b8ebc658c76},
  isbn = {978-1-4503-1462-6},
  keywords = {dblp},
  pages = {262-270},
  publisher = {ACM},
  timestamp = {2013-12-12T11:37:33.000+0100},
  title = {Searching and mining trillions of time series subsequences under dynamic time warping.},
  url = {http://dblp.uni-trier.de/db/conf/kdd/kdd2012.html#RakthanmanonCMBWZZK12},
  year = 2012
}

@article{journal/dmkd/Yeh2017,
	title={{Time series joins, motifs, discords and shapelets: a unifying view that exploits the matrix profile}},
	author={Chin-Chia Michael Yeh and Yan Zhu and Liudmila Ulanova and Nurjahan Begum and Yifei Ding and Hoang Anh Dau and Zachary Zimmerman and Diego Furtado Silva and Abdullah Mueen and Eamonn Keogh},
	journal={Data Mining and Knowledge Discovery},
	pages={1--41},
	year={2017},
	publisher={Springer}
}

@INPROCEEDINGS{conf/icdsp/Albrecht1997,
	author={S. Albrecht and I. Cumming and J. Dudas},
	booktitle={Proceedings of 13th International Conference on Digital Signal Processing},
	title={{The momentary Fourier transformation derived from recursive matrix transformations}},
	year={1997},
	volume={1},
	number={},
	pages={337-340 vol.1},
	keywords={discrete Fourier transforms;inverse problems;matrix algebra;recursive estimation;sequences;signal sampling;DFT;discrete-time sequence;inverse momentary Fourier transformation;momentary Fourier transformation;recursive form;recursive matrix transformations;sequence sample;Computational efficiency;Difference equations;Digital signal processing;Discrete Fourier transforms;Discrete transforms;Fourier transforms;Matrices;Time varying systems},
	doi={10.1109/ICDSP.1997.628089},
	ISSN={},
	month={Jul},}

@INPROCEEDINGS{conf/icdm/Mueen2014,
	author={A. Mueen and H. Hamooni and T. Estrada},
	booktitle={2014 IEEE International Conference on Data Mining},
	title={{Time Series Join on Subsequence Correlation}},
	year={2014},
	volume={},
	number={},
	pages={450-459},
	keywords={approximation theory;graphics processing units;mathematics computing;parallel processing;statistical analysis;time series;GPU-based parallel method;Jocor;approximation;arbitrary length;environmental monitoring;naive algorithm;patient monitoring;power monitoring;statistics;subsequence correlation;time series joining;Computer science;Correlation;Educational institutions;Equations;Euclidean distance;Standards;Time series analysis;Alignment;Correlation;Matching;Similarity;Time Series},
	doi={10.1109/ICDM.2014.52},
	ISSN={1550-4786},
	month={Dec},}

@INPROCEEDINGS{conf/icmd/Beckmann1990,
	author = {Norbert Beckmann and Hans-Peter Kriegel and Ralf Schneider and Bernhard Seeger},
	title = {{The R*-tree: an efficient and robust access method for points and rectangles}},
	booktitle = {INTERNATIONAL CONFERENCE ON MANAGEMENT OF DATA},
	year = {1990},
	pages = {322--331},
	publisher = {ACM}
}
@inproceedings{conf/vldb/Ciaccia1997,
	author = "Paolo Ciaccia and Marco Patella and Pavel Zezula",
	title = {{M-tree: An Efficient Access Method for Similarity Search in Metric Spaces}},
	booktitle = "Proceedings of the 23rd International Conference on Very Large Data Bases ({VLDB'97})",
	address = "Athens, Greece",
	pages = "426--435",
	year = 1997,
	month = aug,
	editor = "Matthias Jarke and Michael Carey and Klaus R. Dittrich and Fred Lochovsky and Pericles Loucopoulos and Manfred A. Jeusfeld",
	publisher = "Morgan Kaufmann Publishers, Inc."}

@misc{code/Mueen2017,
	title={{The Fastest Similarity Search Algorithm for Time Series Subsequences under Euclidean Distance}},
	author={ Mueen, Abdullah and Zhu, Yan and Yeh, Michael and Kamgar, Kaveh and Viswanathan, Krishnamurthy and Gupta, Chetan and Keogh, Eamonn},
	year={2017},
	month={August},
	note = {\url{http://www.cs.unm.edu/~mueen/FastestSimilaritySearch.html}}
}
@misc{code/Marios2014,
	title={{The libspatialindex API}},
	author={Marios Hadjieleftheriou},
	year={2014},
	month={January},
	note = {\url{http://libspatialindex.github.io/}}
}

@article{Arya:1998:OAA:293347.293348,
 author = {Arya, Sunil and Mount, David M. and Netanyahu, Nathan S. and Silverman, Ruth and Wu, Angela Y.},
 title = {{An Optimal Algorithm for Approximate Nearest Neighbor Searching Fixed Dimensions}},
 journal = {J. ACM},
 issue_date = {Nov. 1998},
 volume = {45},
 number = {6},
 month = nov,
 year = {1998},
 issn = {0004-5411},
 pages = {891--923},
 numpages = {33},
 url = {http://doi.acm.org/10.1145/293347.293348},
 doi = {10.1145/293347.293348},
 acmid = {293348},
 publisher = {ACM},
 address = {New York, NY, USA},
 keywords = {approximation algorithms, box-decomposition trees, closet-point queries, nearest neighbor searching, post-office problem, priority search},
}

@inproceedings{conf/sofsem/Palpanas2016,
  added-at = {2016-01-14T00:00:00.000+0100},
  author = {Palpanas, Themis},
  biburl = {http://www.bibsonomy.org/bibtex/269ea35220f2d6d1c6b861e399676a314/dblp},
  booktitle = {SOFSEM},
  crossref = {conf/sofsem/2016},
  editor = {Freivalds, Rusins Martins and Engels, Gregor and Catania, Barbara},
  ee = {http://dx.doi.org/10.1007/978-3-662-49192-8_6},
  interhash = {dd4c3fbdf80f7a64eb0c58bbe520c7df},
  intrahash = {69ea35220f2d6d1c6b861e399676a314},
  isbn = {978-3-662-49191-1},
  keywords = {dblp},
  pages = {63-80},
  publisher = {Springer},
  series = {Lecture Notes in Computer Science},
  timestamp = {2016-01-15T11:35:04.000+0100},
  title = {{Big Sequence Management: A glimpse of the Past, the Present, and the Future.}},
  url = {http://dblp.uni-trier.de/db/conf/sofsem/sofsem2016.html#Palpanas16},
  volume = 9587,
  year = 2016
}

@inproceedings{conf/icdm/Keogh2011,
  title={Time series epenthesis: Clustering time series streams requires ignoring some data},
  author={Rakthanmanon, Thanawin and Keogh, Eamonn J and Lonardi, Stefano and Evans, Scott},
  booktitle={Data Mining (ICDM), 2011 IEEE 11th International Conference on},
  pages={547--556},
  year={2011},
  organization={IEEE}
}

@article{journal/pattrecog/Warren2005,
  added-at = {2013-01-11T15:19:47.000+0100},
  author = {Warren Liao, T.},
  biburl = {http://www.bibsonomy.org/bibtex/247a987bd1189d359b3a6a904eca1dd10/jpcik},
  groups = {public},
  interhash = {ef33490e8e927a7dcdd3c65ed9b52635},
  intrahash = {47a987bd1189d359b3a6a904eca1dd10},
  journal = {Pattern Recognition},
  keywords = {},
  number = 11,
  pages = {1857--1874},
  publisher = {Elsevier},
  timestamp = {2013-01-11T15:19:47.000+0100},
  title = {Clustering of time series data—a survey},
  username = {jpcik},
  volume = 38,
  year = 2005
}

@article{journal/tkde/Raza2015,
  added-at = {2015-09-08T00:00:00.000+0200},
  author = {Raza, Usman and Camerra, Alessandro and Murphy, Amy L. and Palpanas, Themis and Picco, Gian Pietro},
  biburl = {http://www.bibsonomy.org/bibtex/2b33311dbdde072770bf6506784c364bd/dblp},
  ee = {http://doi.ieeecomputersociety.org/10.1109/TKDE.2015.2411594},
  interhash = {e0d2754835578a8474f8548decf93c22},
  intrahash = {b33311dbdde072770bf6506784c364bd},
  journal = {IEEE Trans. Knowl. Data Eng.},
  keywords = {dblp},
  number = 8,
  pages = {2231-2244},
  timestamp = {2015-09-09T11:34:39.000+0200},
  title = {{Practical Data Prediction for Real-World Wireless Sensor Networks.}},
  url = {http://dblp.uni-trier.de/db/journals/tkde/tkde27.html#RazaCMPP15},
  volume = 27,
  year = 2015
}

@article{journal/csur/Chandola2009,
  added-at = {2016-06-28T15:35:24.000+0200},
  author = {Chandola, Varun and Banerjee, Arindam and Kumar, Vipin},
  biburl = {http://www.bibsonomy.org/bibtex/2ccd8d831406eaa9eec8e6e873087a2cf/wipster},
  description = {> 1200 citations},
  interhash = {607804c9665276801f94c743671943c5},
  intrahash = {ccd8d831406eaa9eec8e6e873087a2cf},
  journal = {ACM Computing Surveys (CSUR)},
  keywords = {anomaly detection masterarbeit survey zwischenpräsentation},
  number = 3,
  pages = 15,
  publisher = {ACM},
  timestamp = {2016-06-28T15:35:24.000+0200},
  title = {{Anomaly detection: A survey}},
  url = {http://scholar.google.de/scholar.bib?q=info:jAfBmk-9uAcJ:scholar.google.com/&output=citation&hl=de&ct=citation&cd=0},
  volume = 41,
  year = 2009
}

@inproceedings{conf/icdm/Keogh2001,
	title = {A tutorial on 	indexing and mining
	time series data.},
	author={Keogh, E.},
	booktitle={Data Mining (ICDM), 2001 IEEE 11th International Conference on},
	year={2001},
	organization={IEEE}
}
@inproceedings{conf/sdm/Keogh2007,
  added-at = {2014-02-12T00:00:00.000+0100},
  author = {Bu, Yingyi and Leung, Oscar Tat-Wing and Fu, Ada Wai-Chee and Keogh, Eamonn J. and Pei, Jian and Meshkin, Sam},
  biburl = {http://www.bibsonomy.org/bibtex/27f946f17c4c8f8c811203f743e117b6a/dblp},
  booktitle = {SDM},
  crossref = {conf/sdm/2007},
  ee = {http://dx.doi.org/10.1137/1.9781611972771.43},
  interhash = {86bfeeffcc2b3709c378a227696bab31},
  intrahash = {7f946f17c4c8f8c811203f743e117b6a},
  isbn = {978-1-61197-277-1},
  keywords = {dblp},
  pages = {449-454},
  publisher = {SIAM},
  timestamp = {2015-06-19T08:52:21.000+0200},
  title = {WAT: Finding Top-K Discords in Time Series Database.},
  url = {http://dblp.uni-trier.de/db/conf/sdm/sdm2007.html#BuLFKPM07},
  year = 2007
}

@article{journal/jmlr/Chen2009,
 author = {Chen, Yihua and Garcia, Eric K. and Gupta, Maya R. and Rahimi, Ali and Cazzanti, Luca},
 title = {Similarity-based Classification: Concepts and Algorithms},
 journal = {J. Mach. Learn. Res.},
 issue_date = {12/1/2009},
 volume = {10},
 month = jun,
 year = {2009},
 issn = {1532-4435},
 pages = {747--776},
 numpages = {30},
 url = {http://dl.acm.org/citation.cfm?id=1577069.1577096},
 acmid = {1577096},
 publisher = {JMLR.org},
}

@article{conf/vldb/Wang2013,
  added-at = {2014-06-05T00:00:00.000+0200},
  author = {Wang, Yang and Wang, Peng and Pei, Jian and Wang, Wei and Huang, Sheng},
  biburl = {http://www.bibsonomy.org/bibtex/28c42c506b9b6b2ec83d9f972e4580ceb/dblp},
  ee = {http://www.vldb.org/pvldb/vol6/p793-wang.pdf},
  interhash = {8f03bf0f10541d3dd12ae70d26fd277e},
  intrahash = {8c42c506b9b6b2ec83d9f972e4580ceb},
  journal = {PVLDB},
  keywords = {dblp},
  number = 10,
  pages = {793-804},
  timestamp = {2015-04-28T04:46:31.000+0200},
  title = {{A Data-adaptive and Dynamic Segmentation Index for Whole Matching on Time Series.}},
  url = {http://dblp.uni-trier.de/db/journals/pvldb/pvldb6.html#WangWPWH13},
  volume = 6,
  year = 2013
}

@article{journal/kais/Camerra2014,
  added-at = {2014-03-19T00:00:00.000+0100},
  author = {Camerra, Alessandro and Shieh, Jin and Palpanas, Themis and Rakthanmanon, Thanawin and Keogh, Eamonn J.},
  biburl = {http://www.bibsonomy.org/bibtex/259828aa528dacf7dcdd0a19ab9e1c46b/dblp},
  ee = {http://dx.doi.org/10.1007/s10115-012-0606-6},
  interhash = {a2dff84c7866aa173fb7ecf959a1c709},
  intrahash = {59828aa528dacf7dcdd0a19ab9e1c46b},
  journal = {Knowl. Inf. Syst.},
  keywords = {dblp},
  number = 1,
  pages = {123-151},
  timestamp = {2015-06-18T05:53:16.000+0200},
  title = {{Beyond one billion time series: indexing and mining very large time series collections with iSAX2+.}},
  url = {http://dblp.uni-trier.de/db/journals/kais/kais39.html#CamerraSPRK14},
  volume = 39,
  year = 2014
}

@inproceedings{conf/icdm/Camerra2010,
	added-at = {2014-09-17T00:00:00.000+0200},
	author = {Camerra, Alessandro and Palpanas, Themis and Shieh, Jin and Keogh, Eamonn J.},
	biburl = {https://www.bibsonomy.org/bibtex/21b89b9ed41be5bd39b7981e408c1855e/dblp},
	booktitle = {ICDM},
	crossref = {conf/icdm/2010},
	editor = {Webb, Geoffrey I. and Liu, Bing and Zhang, Chengqi and Gunopulos, Dimitrios and Wu, Xindong},
	ee = {http://doi.ieeecomputersociety.org/10.1109/ICDM.2010.124},
	interhash = {5a4fdfe0400ae715396a83ebfdb25f8c},
	intrahash = {1b89b9ed41be5bd39b7981e408c1855e},
	isbn = {978-0-7695-4256-0},
	keywords = {dblp},
	pages = {58-67},
	publisher = {IEEE Computer Society},
	timestamp = {2015-06-18T20:57:12.000+0200},
	title = {{iSAX 2.0: Indexing and Mining One Billion Time Series.}},
	url = {http://dblp.uni-trier.de/db/conf/icdm/icdm2010.html#CamerraPSK10},
	year = 2010
}


@inproceedings{conf/ICDE/Abbadi2001,
author={H. Ferhatosmanoglu and E. Tuncel and D. Agrawal and A. El Abbadi},
booktitle={Proceedings 17th International Conference on Data Engineering},
title={{Approximate nearest neighbor searching in multimedia databases}},
year={2001},
pages={503-511},
keywords={multimedia databases;pattern clustering;query processing;software metrics;software performance evaluation;accuracy;approximate nearest-neighbor searching;clustering;data object representation size reduction;data set reduction;evaluation metric;multimedia databases;nearest-neighbor query processing;performance evaluation;progressive processing;retrieval process termination;Euclidean distance;Humans;Image databases;Information retrieval;Internet;Large-scale systems;Multimedia databases;Multimedia systems;Nearest neighbor searches;Performance analysis},
doi={10.1109/ICDE.2001.914864},
ISSN={1063-6382},
month={},}

@inproceedings{conf/kdd/Zoumpatianos2015,
  author    = {Kostas Zoumpatianos and
               Yin Lou and
               Themis Palpanas and
               Johannes Gehrke},
  title     = {{Query Workloads for Data Series Indexes}},
  booktitle = {Proceedings of the 21th {ACM} {SIGKDD} International Conference on
               Knowledge Discovery and Data Mining, Sydney, NSW, Australia, August
               10-13, 2015},
  pages     = {1603--1612},
  year      = {2015},
  crossref  = {DBLP:conf/kdd/2015},
  url       = {http://doi.acm.org/10.1145/2783258.2783382},
  doi       = {10.1145/2783258.2783382},
  timestamp = {Mon, 10 Aug 2015 09:06:02 +0200},
  biburl    = {http://dblp.uni-trier.de/rec/bib/conf/kdd/ZoumpatianosLPG15},
  bibsource = {dblp computer science bibliography, http://dblp.org}
}

@article{johannesjoural2018,
	author = {Zoumpatianos, Kostas and Lou, Yin and Ileana, Ioana and Palpanas, Themis and Gehrke, Johannes},
	title = {Generating Data Series Query Workloads},
	journal = {The VLDB Journal},
	issue_date = {December  2018},
	volume = {27},
	number = {6},
	month = dec,
	year = {2018},
	issn = {1066-8888},
	pages = {823--846},
	numpages = {24},
	url = {https://doi.org/10.1007/s00778-018-0513-x},
	doi = {10.1007/s00778-018-0513-x},
	acmid = {3296610},
	publisher = {Springer-Verlag},
	address = {Berlin, Heidelberg},
	keywords = {Data series, Indexing, Query workload generation, Similarity search, Time series},
} 
@inproceedings{conf/sigmod/Faloutsos1994,
  address = {New York, NY, USA},
  author = {Faloutsos, Christos and Ranganathan, M. and Manolopoulos, Yannis},
  biburl = {http://www.bibsonomy.org/bibtex/2c1597485a2353413f290298f106a8c2a/jpcik},
  booktitle = {SIGMOD},
  doi = {10.1145/191839.191925},
  groups = {public},
  numpages = {11},
  pages = {419--429},
  publisher = {ACM},
  title = {{Fast subsequence matching in time-series databases}},
  url = {http://doi.acm.org/10.1145/191839.191925},
  year = 1994
}

@article{conf/fodo/Agrawal1993,
	author="Agrawal, Rakesh
	and Faloutsos, Christos
	and Swami, Arun",
	editor="Lomet, David B.",
	title={Efficient similarity search in sequence databases},
	bookTitle="Foundations of Data Organization and Algorithms: 4th International Conference, FODO '93 Chicago, Illinois, USA, October 13--15, 1993 Proceedings",
	year="1993",
	publisher="Springer Berlin Heidelberg",
	address="Berlin, Heidelberg",
	pages="69--84",
    isbn="978-3-540-48047-1",
	doi="10.1007/3-540-57301-1_5",
	url="https://doi.org/10.1007/3-540-57301-1_5"
}

@article{journal/dmkd/Wang2013,
 author = {Wang, Xiaoyue and Mueen, Abdullah and Ding, Hui and Trajcevski, Goce and Scheuermann, Peter and Keogh, Eamonn},
 title = {{Experimental Comparison of Representation Methods and Distance Measures for Time Series Data}},
 journal = {Data Min. Knowl. Discov.},
 issue_date = {March 2013},
 volume = {26},
 number = {2},
 month = mar,
 year = {2013},
 issn = {1384-5810},
 pages = {275--309},
 numpages = {35},
 url = {http://dx.doi.org/10.1007/s10618-012-0250-5},
 doi = {10.1007/s10618-012-0250-5},
 acmid = {2429754},
 publisher = {Kluwer Academic Publishers},
 address = {Hingham, MA, USA},
 keywords = {Distance measure, Experimental comparison, Representation, Time series},
}

@inproceedings{conf/sdm/Batista2011,
  added-at = {2014-02-12T00:00:00.000+0100},
  author = {Batista, Gustavo E. A. P. A. and Wang, Xiaoyue and Keogh, Eamonn J.},
  biburl = {http://www.bibsonomy.org/bibtex/2714135d7466845506795dd6a0f3a6507/dblp},
  booktitle = {SDM},
  crossref = {conf/sdm/2011},
  ee = {http://dx.doi.org/10.1137/1.9781611972818.60},
  interhash = {6256254d94f2847f8d15763a26ba01c0},
  intrahash = {714135d7466845506795dd6a0f3a6507},
  isbn = {978-1-61197-281-8},
  keywords = {dblp},
  pages = {699-710},
  publisher = {SIAM / Omnipress},
  timestamp = {2015-06-19T08:51:34.000+0200},
  title = {{A Complexity-Invariant Distance Measure for Time Series.}},
  url = {http://dblp.uni-trier.de/db/conf/sdm/sdm2011.html#BatistaWK11},
  year = 2011
}

@article{journal/acm/Arya1998,
 author = {Arya, Sunil and Mount, David M. and Netanyahu, Nathan S. and Silverman, Ruth and Wu, Angela Y.},
 title = {{An Optimal Algorithm for Approximate Nearest Neighbor Searching Fixed Dimensions}},
 journal = {J. ACM},
 issue_date = {Nov. 1998},
 volume = {45},
 number = {6},
 month = nov,
 year = {1998},
 issn = {0004-5411},
 pages = {891--923},
 numpages = {33},
 url = {http://doi.acm.org/10.1145/293347.293348},
 doi = {10.1145/293347.293348},
 acmid = {293348},
 publisher = {ACM},
 address = {New York, NY, USA},
 keywords = {approximation algorithms, box-decomposition trees, closet-point queries, nearest neighbor searching, post-office problem, priority search},
}
@article{journal/acm/Hellerstein2002,
 author = {Hellerstein, Joseph M. and Koutsoupias, Elias and Miranker, Daniel P. and Papadimitriou, Christos H. and Samoladas, Vasilis},
 title = {{On a Model of Indexability and Its Bounds for Range Queries}},
 journal = {J. ACM},
 issue_date = {January 2002},
 volume = {49},
 number = {1},
 month = jan,
 year = {2002},
 issn = {0004-5411},
 pages = {35--55},
 numpages = {21},
 url = {http://doi.acm.org/10.1145/505241.505244},
 doi = {10.1145/505241.505244},
 acmid = {505244},
 publisher = {ACM},
 address = {New York, NY, USA},
 keywords = {Database, index, indexability, lower bounds, multidimensional, query, redundancy},
}
 BibTeX | EndNote | ACM Ref

 @inproceedings{conf/kdd/shieh1998,
 	author = {Shieh, Jin and Keogh, Eamonn},
 	title = {{iSAX: Indexing and Mining Terabyte Sized Time Series}},
 	booktitle = {Proceedings of the 14th ACM SIGKDD International Conference on Knowledge Discovery and Data Mining},
 	series = {KDD '08},
 	year = {2008},
 	isbn = {978-1-60558-193-4},
 	location = {Las Vegas, Nevada, USA},
 	pages = {623--631},
 	numpages = {9},
 	url = {http://doi.acm.org/10.1145/1401890.1401966},
 	doi = {10.1145/1401890.1401966},
 	acmid = {1401966},
 	publisher = {ACM},
 	address = {New York, NY, USA},
 	keywords = {data mining, indexing, representations, time series},
 }


@Article{journal/kais/Keogh2001,
author="Keogh, Eamonn
and Chakrabarti, Kaushik
and Pazzani, Michael
and Mehrotra, Sharad",
title={{Dimensionality Reduction for Fast Similarity Search in Large Time Series Databases}},
journal="Knowledge and Information Systems",
year="2001",
volume="3",
number="3",
pages="263--286",
issn="0219-1377",
doi="10.1007/PL00011669",
url="http://dx.doi.org/10.1007/PL00011669"
}


@inproceedings{conf/kdd/Shieh2008,
 author = {Shieh, Jin and Keogh, Eamonn},
 title = {{iSAX: Indexing and Mining Terabyte Sized Time Series}},
 booktitle = {Proceedings of the 14th ACM SIGKDD International Conference on Knowledge Discovery and Data Mining},
 series = {KDD '08},
 year = {2008},
 isbn = {978-1-60558-193-4},
 location = {Las Vegas, Nevada, USA},
 pages = {623--631},
 numpages = {9},
 url = {http://doi.acm.org/10.1145/1401890.1401966},
 doi = {10.1145/1401890.1401966},
 acmid = {1401966},
 publisher = {ACM},
 address = {New York, NY, USA},
 keywords = {data mining, indexing, representations, time series},
}

@article{journal/kis/Keogh2005,
 author = {Keogh, Eamonn and Ratanamahatana, Chotirat Ann},
 title = {{Exact Indexing of Dynamic Time Warping}},
 journal = {Knowl. Inf. Syst.},
 issue_date = {March 2005},
 volume = {7},
 number = {3},
 month = mar,
 year = {2005},
 issn = {0219-1377},
 pages = {358--386},
 numpages = {29},
 url = {http://dx.doi.org/10.1007/s10115-004-0154-9},
 doi = {10.1007/s10115-004-0154-9},
 acmid = {1047753},
 publisher = {Springer-Verlag New York, Inc.},
 address = {New York, NY, USA},
 keywords = {Dynamic time warping, Indexing, Lower bounding, Time series},
}

@book{book/theory/Knopp1928,
  title={{Theory and Application of Infinite Series}},
  author={Knopp, K. and Young, R.C.},
  number={vol.~2},
  lccn={lc29009871},
  series={Theory and Application of Infinite Series},
  url={https://books.google.co.ma/books?id=HPkgAAAAMAAJ},
  year={1928},
  publisher={Blackie \& Son Limited},
  note ={page 44}
}

@book{book/math/Dangelo1997,
  title={{Mathematical Thinking: Problem-solving and Proofs}},
  author={D'Angelo, J.P. and West, D.B.},
  isbn={9780132633932},
  lccn={95024773},
  url={https://books.google.co.in/books?id=x1M\_AQAAIAAJ},
  year={1997},
  publisher={Prentice Hall},
  note ={page 277},
}


@inproceedings{conf/cikm/Hakan2000,
 author = {Ferhatosmanoglu, Hakan and Tuncel, Ertem and Agrawal, Divyakant and El Abbadi, Amr},
 title = {{Vector Approximation Based Indexing for Non-uniform High Dimensional Data Sets}},
 booktitle = {Proceedings of the Ninth International Conference on Information and Knowledge Management},
 series = {CIKM '00},
 year = {2000},
 isbn = {1-58113-320-0},
 location = {McLean, Virginia, USA},
 pages = {202--209},
 numpages = {8},
 url = {http://doi.acm.org/10.1145/354756.354820},
 doi = {10.1145/354756.354820},
 acmid = {354820},
 publisher = {ACM},
 address = {New York, NY, USA},
}


@article{journal/jss/Tichy1995,
	author = {Tichy, Walter F. and Lukowicz, Paul and Prechelt, Lutz and Heinz, Ernst A.},
	title = {{Experimental Evaluation in Computer Science: A Quantitative Study}},
	journal = {J. Syst. Softw.},
	issue_date = {Jan. 1995},
	volume = {28},
	number = {1},
	month = jan,
	year = {1995},
	issn = {0164-1212},
	pages = {9--18},
	numpages = {10},
	url = {http://dx.doi.org/10.1016/0164-1212(94)00111-Y},
	doi = {10.1016/0164-1212(94)00111-Y},
	acmid = {209093},
	publisher = {Elsevier Science Inc.},
	address = {New York, NY, USA},
}

@article{conf/sigmod/Bozkaya1997,
	author = {Bozkaya, Tolga and Ozsoyoglu, Meral},
	title = {{Distance-based Indexing for High-dimensional Metric Spaces}},
	journal = {SIGMOD Rec.},
	issue_date = {June 1997},
	volume = {26},
	number = {2},
	month = jun,
	year = {1997},
	issn = {0163-5808},
	pages = {357--368},
	numpages = {12},
	url = {http://doi.acm.org/10.1145/253262.253345},
	doi = {10.1145/253262.253345},
	acmid = {253345},
	publisher = {ACM},
	address = {New York, NY, USA},
}
@article{conf/ads/Ciaccia1998,
	author = "Paolo Ciaccia and Marco Patella",
	title = {{Bulk Loading the M-tree}},
	booktitle = "Proceedings of the 9th Australasian Database Conference ({ADC'98})",
	address = "Perth, Australia",
	pages = "15--26",
	year = 1998,
	month = feb,
	editor = "Chris McDonald",
	publisher = "Springer Verlag"}

@inproceedings{journal/kais/Keogh2001,
	author = {Keogh, Eamonn and Chakrabarti, Kaushik and Pazzani, Michael and Mehrotra, Sharad},
	title = {{Dimensionality Reduction for Fast Similarity Search in Large Time Series Databases}},
	booktitle = {},
	year = {2001},
	month = {January},
	abstract = {The problem of similarity search in large time series databases has attracted much attention recently. It is a non-trivial problem because of the inherent high dimensionality of the data. The most promising solutions involve performing dimensionality reduction on the data, then indexing the reduced data with a spatial access method. Three major dimensionality reduction techniques have been proposed, Singular Value Decomposition (SVD), the Discrete Fourier transform (DFT), and more recently the Discrete Wavelets Transform (DWT). In this work we introduce a new dimensionality reduction technique which we call PAA (Piecewise Aggregate Approximation). We theoretically and empirically compare it to the other techniques and demonstrate its superiority. In addition to being competitive with or faster than the other methods our approach has numerous advantages. It is simple to understand and implement, allows more flexible distance measures including weighted Euclidean queries and the index can be built in linear time.},
	publisher = {},
	url = {https://www.microsoft.com/en-us/research/publication/dimensionality-reduction-for-fast-similarity-search-in-large-time-series-databases/},
	address = {},
	pages = {},
	journal = {Knowledge and Information Systems Journal (KAIS)},
	volume = {},
	chapter = {},
	isbn = {},
}

@BOOK{book/mit/Bellman1961,
	AUTHOR    = {Bellman, Richard E.},
	EDITOR    = {Bellman, Richard E.},
	ISBN      = {9780691079011},
	PUBLISHER = {MIT Press},
	TITLE     = {{Adaptive Control Processes: A Guided Tour}},
	YEAR      = {1961},
}

@article{journal/acds/Chakrabarti2002,
	author = {Chakrabarti, Kaushik and Keogh, Eamonn and Mehrotra, Sharad and Pazzani, Michael},
	title = {{Locally Adaptive Dimensionality Reduction for Indexing Large Time Series Databases}},
	journal = {ACM Trans. Database Syst.},
	issue_date = {June 2002},
	volume = {27},
	number = {2},
	month = jun,
	year = {2002},
	issn = {0362-5915},
	pages = {188--228},
	numpages = {41},
	url = {http://doi.acm.org/10.1145/568518.568520},
	doi = {10.1145/568518.568520},
	acmid = {568520},
	publisher = {ACM},
	address = {New York, NY, USA},
	keywords = {Dimensionality reduction, indexing, time-series similarity retrieval},
}

@INPROCEEDINGS{conf/icde/Chan1999,
	author={Kin-Pong Chan and Ada Wai-Chee Fu},
	booktitle={Proceedings 15th International Conference on Data Engineering (Cat. No.99CB36337)},
	title={{Efficient time series matching by wavelets}},
	year={1999},
	volume={},
	number={},
	pages={126-133},
	keywords={query processing;singular value decomposition;statistical databases;time series;wavelet transforms;Haar Wavelet Transform;Singular Value Decomposition;fast retrieval;nearest neighbor query;time series databases;time series indexing;time series matching;wavelets;Discrete Fourier transforms;Discrete transforms;Discrete wavelet transforms;Euclidean distance;Fourier transforms;Indexing;Karhunen-Loeve transforms;Multidimensional systems;Singular value decomposition;Wavelet transforms},
	doi={10.1109/ICDE.1999.754915},
	ISSN={1063-6382},
	month={Mar},}

@article{journal/corr/Rafiei1998,
	author    = {Davood Rafiei and
	Alberto O. Mendelzon},
	title     = {{Efficient Retrieval of Similar Time Sequences Using DFT}},
	journal   = {CoRR},
	volume    = {cs.DB/9809033},
	year      = {1998},
	url       = {http://arxiv.org/abs/cs.DB/9809033},
	timestamp = {Wed, 07 Jun 2017 14:40:27 +0200},
	biburl    = {http://dblp.org/rec/bib/journals/corr/cs-DB-9809033},
	bibsource = {dblp computer science bibliography, http://dblp.org}
}

@article{conf/sigmod/Rafiei1997,
	author = {Rafiei, Davood and Mendelzon, Alberto},
	title = {{Similarity-based Queries for Time Series Data}},
	journal = {SIGMOD Rec.},
	issue_date = {June 1997},
	volume = {26},
	number = {2},
	month = jun,
	year = {1997},
	issn = {0163-5808},
	pages = {13--25},
	numpages = {13},
	url = {http://doi.acm.org/10.1145/253262.253264},
	doi = {10.1145/253262.253264},
	acmid = {253264},
	publisher = {ACM},
	address = {New York, NY, USA},
}

@article{journal/dmkd/Lin2007,
	author = {Lin, Jessica and Keogh, Eamonn and Wei, Li and Lonardi, Stefano},
	title = {{Experiencing SAX: A Novel Symbolic Representation of Time Series}},
	journal = {Data Min. Knowl. Discov.},
	issue_date = {October   2007},
	volume = {15},
	number = {2},
	month = oct,
	year = {2007},
	issn = {1384-5810},
	pages = {107--144},
	numpages = {38},
	url = {http://dx.doi.org/10.1007/s10618-007-0064-z},
	doi = {10.1007/s10618-007-0064-z},
	acmid = {1285965},
	publisher = {Kluwer Academic Publishers},
	address = {Hingham, MA, USA},
	keywords = {Data mining, Discretize, Symbolic representation, Time series},
}

@article{golay1998new,
  title={{A new correlation-based fuzzy logic clustering algorithm for FMRI}},
  author={Golay, Xavier and Kollias, Spyros and Stoll, Gautier and Meier, Dieter and Valavanis, Anton and Boesiger, Peter},
  journal={Magnetic Resonance in Medicine},
  volume={40},
  number={2},
  pages={249--260},
  year={1998},
  publisher={Wiley Online Library}
}
@article{kakizawa1998discrimination,
  title={{Discrimination and clustering for multivariate time series}},
  author={Kakizawa, Yoshihide and Shumway, Robert H and Taniguchi, Masanobu},
  journal={Journal of the American Statistical Association},
  volume={93},
  number={441},
  pages={328--340},
  year={1998},
  publisher={Taylor \& Francis Group}
}
@inproceedings{conf/dmkd/LinKLC03,
  author    = {Jessica Lin and
               Eamonn J. Keogh and
               Stefano Lonardi and
               Bill Yuan{-}chi Chiu},
  title     = {{A symbolic representation of time series, with implications for streaming
               algorithms}},
  booktitle = {Proceedings of the 8th {ACM} {SIGMOD} workshop on Research issues
               in data mining and knowledge discovery, {DMKD} 2003, San Diego, California,
               USA, June 13, 2003},
  pages     = {2--11},
  year      = {2003},
  crossref  = {DBLP:conf/dmkd/2003},
  url       = {http://doi.acm.org/10.1145/882082.882086},
  doi       = {10.1145/882082.882086},
  timestamp = {Wed, 08 Feb 2017 16:10:49 +0100},
  biburl    = {https://dblp.org/rec/bib/conf/dmkd/LinKLC03},
  bibsource = {dblp computer science bibliography, https://dblp.org}
}
@article{kovsmelj1990cross,
  title={{Cross-sectional approach for clustering time varying data}},
  author={Ko{\v{s}}melj, Katarina and Batagelj, Vladimir},
  journal={Journal of Classification},
  volume={7},
  number={1},
  pages={99--109},
  year={1990},
  publisher={Springer}
}
@inproceedings{DBLP:conf/kdd/KumarPW02,
  author    = {Mahesh Kumar and
               Nitin R. Patel and
               Jonathan Woo},
  title     = {{Clustering seasonality patterns in the presence of errors}},
  booktitle = {Proceedings of the Eighth {ACM} {SIGKDD} International Conference
               on Knowledge Discovery and Data Mining, July 23-26, 2002, Edmonton,
               Alberta, Canada},
  pages     = {557--563},
  year      = {2002},
  crossref  = {DBLP:conf/kdd/2002},
  url       = {http://doi.acm.org/10.1145/775047.775129},
  doi       = {10.1145/775047.775129},
  timestamp = {Mon, 13 Feb 2006 15:34:20 +0100},
  biburl    = {http://dblp.org/rec/bib/conf/kdd/KumarPW02},
  bibsource = {dblp computer science bibliography, http://dblp.org}
}


 
@inproceedings{conf/nips/Andoni2015,
 	author = {Andoni, Alexandr and Indyk, Piotr and Laarhoven, Thijs and Razenshteyn, Ilya and Schmidt, Ludwig},
 	title = {{Practical and Optimal LSH for Angular Distance}},
 	booktitle = {Proceedings of the 28th International Conference on Neural Information Processing Systems - Volume 1},
 	series = {NIPS'15},
 	year = {2015},
 	location = {Montreal, Canada},
 	pages = {1225--1233},
 	numpages = {9},
 	url = {http://dl.acm.org/citation.cfm?id=2969239.2969376},
 	acmid = {2969376},
 	publisher = {MIT Press},
 	address = {Cambridge, MA, USA},
 } 

@inproceedings{conf/vldb/Gionis1999,
	author = {Gionis, Aristides and Indyk, Piotr and Motwani, Rajeev},
	title = {{Similarity Search in High Dimensions via Hashing}},
	booktitle = {Proceedings of the 25th International Conference on Very Large Data Bases},
	series = {VLDB '99},
	year = {1999},
	isbn = {1-55860-615-7},
	pages = {518--529},
	numpages = {12},
	url = {http://dl.acm.org/citation.cfm?id=645925.671516},
	acmid = {671516},
	publisher = {Morgan Kaufmann Publishers Inc.},
	address = {San Francisco, CA, USA},
} 

@article{journal/cacm/andoni2008,
	author = {Andoni, Alexandr and Indyk, Piotr},
	title = {{Near-optimal Hashing Algorithms for Approximate Nearest Neighbor in High Dimensions}},
	journal = {Commun. ACM},
	issue_date = {January 2008},
	volume = {51},
	number = {1},
	month = jan,
	year = {2008},
	issn = {0001-0782},
	pages = {117--122},
	numpages = {6},
	url = {http://doi.acm.org/10.1145/1327452.1327494},
	doi = {10.1145/1327452.1327494},
	acmid = {1327494},
	publisher = {ACM},
	address = {New York, NY, USA},
} 

@inproceedings{conf/vldb/Weber1998,
	author = {Weber, Roger and Schek, Hans-J\"{o}rg and Blott, Stephen},
	title = {{A Quantitative Analysis and Performance Study for Similarity-Search Methods in High-Dimensional Spaces}},
	booktitle = {Proceedings of the 24rd International Conference on Very Large Data Bases},
	series = {VLDB '98},
	year = {1998},
	isbn = {1-55860-566-5},
	pages = {194--205},
	numpages = {12},
	url = {http://dl.acm.org/citation.cfm?id=645924.671192},
	acmid = {671192},
	publisher = {Morgan Kaufmann Publishers Inc.},
	address = {San Francisco, CA, USA},
} 



@article{journal/acta/maccone2007,
	title = {{Advantages of Karhunen–Loève transform over fast Fourier transform for planetary radar and space debris detection}},
	journal = "Acta Astronautica",
	volume = "60",
	number = "8",
	pages = "775 - 779",
	year = "2007",
	issn = "0094-5765",
	doi = "https://doi.org/10.1016/j.actaastro.2006.08.015",
	url = "http://www.sciencedirect.com/science/article/pii/S0094576506002888",
	author = "Claudio Maccone"
}

@article{journal/corr/abs-1802-03628,
	author    = {Han Qiu and
	Hoang Thanh Lam and
	Francesco Fusco and
	Mathieu Sinn},
	title     = {{Learning Correlation Space for Time Series}},
	journal   = {CoRR},
	volume    = {abs/1802.03628},
	year      = {2018},
	url       = {http://arxiv.org/abs/1802.03628},
	archivePrefix = {arXiv},
	eprint    = {1802.03628},
	timestamp = {Mon, 13 Aug 2018 16:48:55 +0200},
	biburl    = {https://dblp.org/rec/bib/journals/corr/abs-1802-03628},
	bibsource = {dblp computer science bibliography, https://dblp.org}
}

@book{book/multiD/samet2005,
	author = {Samet, Hanan},
	title = {{Foundations of Multidimensional and Metric Data Structures (The Morgan Kaufmann Series in Computer Graphics and Geometric Modeling)}},
	year = {2005},
	isbn = {0123694469},
	publisher = {Morgan Kaufmann Publishers Inc.},
	address = {San Francisco, CA, USA},
} 

@inproceedings{conf/isasd/samet1995,
	author = {Hjaltason, Gisli R. and Samet, Hanan},
	title = {{Ranking in Spatial Databases}},
	booktitle = {Proceedings of the 4th International Symposium on Advances in Spatial Databases},
	series = {SSD '95},
	year = {1995},
	isbn = {3-540-60159-7},
	pages = {83--95},
	numpages = {13},
	url = {http://dl.acm.org/citation.cfm?id=647224.718930},
	acmid = {718930},
	publisher = {Springer-Verlag},
	address = {Berlin, Heidelberg},
} 
@inproceedings{conf/pods/berchtold1997,
 	author = {Berchtold, Stefan and B\"{o}hm, Christian and Keim, Daniel A. and Kriegel, Hans-Peter},
 	title = {{A Cost Model for Nearest Neighbor Search in High-dimensional Data Space}},
 	booktitle = {Proceedings of the Sixteenth ACM SIGACT-SIGMOD-SIGART Symposium on Principles of Database Systems},
 	series = {PODS '97},
 	year = {1997},
 	isbn = {0-89791-910-6},
 	location = {Tucson, Arizona, USA},
 	pages = {78--86},
 	numpages = {9},
 	url = {http://doi.acm.org/10.1145/263661.263671},
 	doi = {10.1145/263661.263671},
 	acmid = {263671},
 	publisher = {ACM},
 	address = {New York, NY, USA},
 	keywords = {cost model, high-dimensinal data space, multidiimensional searching, multidimensional index structures, nearest neighbor search}
 } 


@article{conf/vldb/sun14,
	author = {Sun, Yifang and Wang, Wei and Qin, Jianbin and Zhang, Ying and Lin, Xuemin},
	title = {{SRS: Solving c-approximate Nearest Neighbor Queries in High Dimensional Euclidean Space with a Tiny Index}},
	journal = {PVLDB},
	volume = {8},
	number = {1},
	year = {2014},
	issn = {2150-8097},
	pages = {1--12},
	numpages = {12},
	url = {http://dx.doi.org/10.14778/2735461.2735462},
	doi = {10.14778/2735461.2735462},
	acmid = {2735462}
} 


@article{journal/corr/malkov16,
	author    = {Yury A. Malkov and
	D. A. Yashunin},
	title     = {{Efficient and robust approximate nearest neighbor search using Hierarchical
	Navigable Small World graphs}},
	journal   = {CoRR},
	volume    = {abs/1603.09320},
	year      = {2016},
	url       = {http://arxiv.org/abs/1603.09320},
	archivePrefix = {arXiv},
	eprint    = {1603.09320},
	timestamp = {Mon, 13 Aug 2018 16:46:53 +0200},
	biburl    = {https://dblp.org/rec/bib/journals/corr/MalkovY16},
	bibsource = {dblp computer science bibliography, https://dblp.org}
}


@INPROCEEDINGS{conf/cvpr/yandex16,
	author={A. B. Yandex and V. Lempitsky},
	booktitle={2016 IEEE Conference on Computer Vision and Pattern Recognition (CVPR)},
	title={{Efficient Indexing of Billion-Scale Datasets of Deep Descriptors}},
	year={2016},
	volume={},
	number={},
	pages={2055-2063},
	keywords={data structures;indexing;information retrieval;neural nets;transforms;billion-scale datasets;deep descriptors;billion-scale nearest neighbor search systems;SIFT vectors;inverted multiindex;SIFT-like descriptors;deep neural networks;computer vision tasks;indexing structures;generalized nonorthogonal inverted multiindex;GNO-IMI;DNN descriptor distribution;data structures;Indexing;Computer vision;Correlation;Vector quantization},
	doi={10.1109/CVPR.2016.226},
	ISSN={1063-6919},
	month={June}
}

@ARTICLE{journal/tkde/li19,
	author={W. {Li} and Y. {Zhang} and Y. {Sun} and W. {Wang} and M. {Li} and W. {Zhang} and X. {Lin}},
	journal={IEEE Transactions on Knowledge and Data Engineering},
	title={{Approximate Nearest Neighbor Search on High Dimensional Data - Experiments, Analyses, and Improvement}},
	year={2019},
	volume={},
	number={},
	pages={1-1},
	keywords={Similarity search;approximate nearest neighbor search;high-dimensional space;metric space;dense vector},
	doi={10.1109/TKDE.2019.2909204},
	ISSN={1041-4347},
	month={},}


@inproceedings{conf/sisap/martin17,
	author    = {Martin Aum{\"{u}}ller and
	Erik Bernhardsson and
	Alexander Faithfull},
	title     = {{ANN-Benchmarks: {A} Benchmarking Tool for Approximate Nearest Neighbor
	Algorithms}},
	booktitle = {Similarity Search and Applications - 10th International Conference,
	{SISAP} 2017, Munich, Germany, October 4-6, 2017, Proceedings},
	pages     = {34--49},
	year      = {2017},
	crossref  = {DBLP:conf/sisap/2017},
	url       = {https://doi.org/10.1007/978-3-319-68474-1\_3},
	doi       = {10.1007/978-3-319-68474-1\_3},
	timestamp = {Mon, 04 Dec 2017 15:53:02 +0100},
	biburl    = {https://dblp.org/rec/bib/conf/sisap/AumullerBF17},
	bibsource = {dblp computer science bibliography, https://dblp.org}
}
@misc{url/kgraph,
	author = {Wei Dong},
	title = {{Kgraph, an open source library for k-nn graph con-
	struction and nearest neighbor search.}},
	howpublished = {\url{http://www.kgraph.org/}},
	year = {2018},
}

@article{journal/corr/johnson17,
	title={{Billion-scale similarity search with GPUs}},
	author={Johnson, Jeff and Douze, Matthijs and J{\'e}gou, Herv{\'e}},
	journal={arXiv preprint arXiv:1702.08734},
	year={2017}
}

@article{journal/corr/malkov16,
	author    = {Yury A. Malkov and
	D. A. Yashunin},
	title     = {{Efficient and robust approximate nearest neighbor search using Hierarchical
	Navigable Small World graphs}},
	journal   = {CoRR},
	volume    = {abs/1603.09320},
	year      = {2016},
	url       = {http://arxiv.org/abs/1603.09320},
	archivePrefix = {arXiv},
	eprint    = {1603.09320},
	timestamp = {Mon, 13 Aug 2018 16:46:53 +0200},
	biburl    = {https://dblp.org/rec/bib/journals/corr/MalkovY16},
	bibsource = {dblp computer science bibliography, https://dblp.org}
}

@article{journal/pvldb/kondylakis18,
	author    = {Haridimos Kondylakis and
	Niv Dayan and
	Kostas Zoumpatianos and
	Themis Palpanas},
	title     = {{Coconut: {A} Scalable Bottom-Up Approach for Building Data Series
	Indexes}},
	journal   = {{PVLDB}},
	volume    = {11},
	number    = {6},
	pages     = {677--690},
	year      = {2018},
	url       = {http://www.vldb.org/pvldb/vol11/p677-kondylakis.pdf},
	doi       = {10.14778/3184470.3184472},
	timestamp = {Thu, 16 Aug 2018 11:33:44 +0200},
	biburl    = {https://dblp.org/rec/bib/journals/pvldb/KondylakisDZP18},
	bibsource = {dblp computer science bibliography, https://dblp.org}
}

@inproceedings{DBLP:conf/sigmod/KondylakisDZP19,
	author    = {Haridimos Kondylakis and
	Niv Dayan and
	Kostas Zoumpatianos and
	Themis Palpanas},
	title     = {Coconut Palm: Static and Streaming Data Series Exploration Now in
	your Palm},
	booktitle = {{SIGMOD}},
	pages     = {1941--1944},
	year      = {2019}
}

@article{coconutjournal,
	author    = {Haridimos Kondylakis and
	Niv Dayan and
	Kostas Zoumpatianos and
	Themis Palpanas},
	title     = {Coconut: Sortable Summarizations for Scalable Indexes over Static and Streaming Data Series},
	journal = {{VLDBJ}},
	year = {accepted for publication, 2019}
}

@ARTICLE{journal/pami/babenko15,
	author={A. Babenko and V. Lempitsky},
	journal={IEEE Transactions on Pattern Analysis and Machine Intelligence},
	title={{The Inverted Multi-Index}},
	year={2015},
	volume={37},
	number={6},
	pages={1247-1260},
	keywords={feature extraction;image retrieval;quantisation (signal);search problems;data structure;similarity search;high-dimensional vector;standard quantization;product quantization;retrieval complexity;inverted multi-indices;search space;memory efficiency;SIFT vector;GIST vector;reranking procedure;approximate nearest neighbor search;memory overhead;Vectors;Indexes;Standards;Quantization (signal);Nearest neighbor searches;Accuracy;Computer vision;Image retrieval;Index;Nearest neighbor search;Image retrieval;Index;nearest neighbor search;product quantization},
	doi=
	{10.1109/TPAMI.2014.2361319},
	ISSN={0162-8828},
	month={June},}

@article{journal/tit/gray1998,
	author = {Gray, R. M. and Neuhoff, D. L.},
	title = {{Quantization}},
	journal = {IEEE Trans. Inf. Theor.},
	issue_date = {October 1998},
	volume = {44},
	number = {6},
	month = sep,
	year = {2006},
	issn = {0018-9448},
	pages = {2325--2383},
	numpages = {59},
	url = {http://dx.doi.org/10.1109/18.720541},
	doi = {10.1109/18.720541},
	acmid = {2265587},
	publisher = {IEEE Press},
	address = {Piscataway, NJ, USA},
} 
@article{journal/ite/matsui2018,
	title={{A Survey of Product Quantization}},
	author={Yusuke Matsui and Yusuke Uchida and Herv\'{e} J\'{e}gou and Shin'ichi Satoh},
	journal={ITE Transactions on Media Technology and Applications},
	volume={6},
	number={1},
	pages={2--10},
	year={2018},
}

@article{journal/tpami/ge2014,
	author = {Ge, Tiezheng and He, Kaiming and Ke, Qifa and Sun, Jian},
	title = {{Optimized Product Quantization}},
	journal = {IEEE Trans. Pattern Anal. Mach. Intell.},
	issue_date = {April 2014},
	volume = {36},
	number = {4},
	month = apr,
	year = {2014},
	issn = {0162-8828},
	pages = {744--755},
	numpages = {12},
	url = {https://doi.org/10.1109/TPAMI.2013.240},
	doi = {10.1109/TPAMI.2013.240},
	acmid = {2693356},
	publisher = {IEEE Computer Society},
	address = {Washington, DC, USA}
} 

@ARTICLE{journal/tpami/jegou2011,
	author={H. Jegou and M. Douze and C. Schmid},
	journal={IEEE Transactions on Pattern Analysis and Machine Intelligence},
	title={{Product Quantization for Nearest Neighbor Search}},
	year={2011},
	volume={33},
	number={1},
	pages={117-128},
	keywords={file organisation;image retrieval;indexing;vector quantisation;very large databases;product quantization;approximate nearest neighbor search;Cartesian product;low-dimensional subspace;subspace quantization index;Euclidean distance;inverted file system;SIFT image descriptor;GIST image descriptor;image indexing;very large database;Quantization;Nearest neighbor searches;Indexing;Neural networks;Euclidean distance;File systems;Scalability;Image databases;Permission;Electronic mail;High-dimensional indexing;image indexing;very large databases;approximate search.;Algorithms;Artificial Intelligence;Cluster Analysis;Image Interpretation, Computer-Assisted;Image Processing, Computer-Assisted;Information Storage and Retrieval;Models, Statistical;Pattern Recognition, Automated},
	doi={10.1109/TPAMI.2010.57},
	ISSN={0162-8828},
	month={Jan},}


@article{journal/vldb/linardi19,
	author = {Linardi, Michele and Palpanas, Themis},
	title = {Scalable, Variable-length Similarity Search in Data Series: The ULISSE Approach},
	journal = {PVLDB},
	volume = {11},
	number = {13},
	year = {2018},
	issn = {2150-8097},
	pages = {2236--2248},
	numpages = {13},
	url = {https://doi.org/10.14778/3275366.3284968},
	doi = {10.14778/3275366.3284968},
	acmid = {3284968},
	publisher = {VLDB Endowment},
} 


@article{conf/bigdata/peng18,
	author = {Peng, Botao and Fatourou, Panagiota and Palpanas, Themis},
	title = {{ParIS: The Next
	Destination for Fast Data Series Indexing and Query Answering}},
	journal = {IEEE BigData},
	year = {2018},
}

@article{conf/icde/peng20,
	author = {Peng, Botao and Fatourou, Panagiota and Palpanas, Themis},
	title = {{MESSI: In-Memory Data Series Indexing}},
	journal = {ICDE},
	year = {2020},
}

@article{conf/icde/boniol20,
	author = {Boniol, Paul and Linardi, Michele and Roncallo, Federico and Palpanas, Themis},
	title = {{Automated Anomaly Detection in Large Sequences}},
	journal = {ICDE},
	year = {2020},
}

@article{dpisaxjournal,
	author    = {Djamel-Edine Yagoubi and Reza Akbarinia and Florent Masseglia and Themis Palpanas},
	title     = {Massively Distributed Time Series Indexing and Querying},
	journal   = {TKDE (to appear)},
	year      = {2019}
}

@InProceedings{conf/sisap/ciaccia17,
	author="Ciaccia, Paolo
	and Patella, Marco",
	editor="Beecks, Christian
	and Borutta, Felix
	and Kr{\"o}ger, Peer
	and Seidl, Thomas",
	title={{}The Power of Distance Distributions: Cost Models and Scheduling Policies for Quality-Controlled Similarity Queries}},
	booktitle="Similarity Search and Applications",
	year="2017",
	publisher="Springer International Publishing",
	address="Cham",
	pages="3--16",
	isbn="978-3-319-68474-1"
}
@article{journal/jda/bustos04,
	title = {{Probabilistic proximity searching algorithms based on compact partitions}},
	journal = "Journal of Discrete Algorithms",
	volume = "2",
	number = "1",
	pages = "115 - 134",
	year = "2004",
	note = "The 9th International Symposium on String Processing and Information Retrieval",
	issn = "1570-8667",
	doi = "https://doi.org/10.1016/S1570-8667(03)00067-4",
	url = "http://www.sciencedirect.com/science/article/pii/S1570866703000674",
	author = "Benjamin Bustos and Gonzalo Navarro",
}

@book{book/manning2008,
	author = {Manning, Christopher D. and Raghavan, Prabhakar and Sch\"{u}tze, Hinrich},
	title = {{Introduction to Information Retrieval}},
	year = {2008},
	isbn = {0521865719, 9780521865715},
	publisher = {Cambridge University Press},
	address = {New York, NY, USA},
} 
@inproceedings{conf/sigir/buckley2000,
	author    = {Chris Buckley and
	Ellen M. Voorhees},
	title     = {{Evaluating evaluation measure stability}},
	booktitle = {{SIGIR}},
	pages     = {33--40},
	publisher = {{ACM}},
	year      = {2000}
}

@inproceedings{conf/sigir/turpin2006,
	author = {Turpin, Andrew and Scholer, Falk},
	title = {{User Performance Versus Precision Measures for Simple Search Tasks}},
	booktitle = {Proceedings of the 29th Annual International ACM SIGIR Conference on Research and Development in Information Retrieval},
	series = {SIGIR '06},
	year = {2006},
	isbn = {1-59593-369-7},
	location = {Seattle, Washington, USA},
	pages = {11--18},
	numpages = {8},
	url = {http://doi.acm.org/10.1145/1148170.1148176},
	doi = {10.1145/1148170.1148176},
	acmid = {1148176},
	publisher = {ACM},
	address = {New York, NY, USA},
	keywords = {information retrieval evaluation, search engines, user study},
} 


@article{journal/tods/tao2010,
	author = {Tao, Yufei and Yi, Ke and Sheng, Cheng and Kalnis, Panos},
	title = {{Efficient and Accurate Nearest Neighbor and Closest Pair Search in High-dimensional Space}},
	journal = {ACM Trans. Database Syst.},
	issue_date = {July 2010},
	volume = {35},
	number = {3},
	month = jul,
	year = {2010},
	issn = {0362-5915},
	pages = {20:1--20:46},
	articleno = {20},
	numpages = {46},
	url = {http://doi.acm.org/10.1145/1806907.1806912},
	doi = {10.1145/1806907.1806912},
	acmid = {1806912},
	publisher = {ACM},
	address = {New York, NY, USA},
	keywords = {Locality-sensitive hashing, closest pair search, nearest neighbor search},
} 

@inproceedings{conf/eccv/baranchuk2018,
	author    = {Dmitry Baranchuk and
	Artem Babenko and
	Yury Malkov},
	title     = {{Revisiting the Inverted Indices for Billion-Scale Approximate Nearest
	Neighbors}},
	booktitle = {Computer Vision - {ECCV} 2018 - 15th European Conference, Munich,
	Germany, September 8-14, 2018, Proceedings, Part {XII}},
	pages     = {209--224},
	year      = {2018},
	crossref  = {DBLP:conf/eccv/2018-12},
	url       = {https://doi.org/10.1007/978-3-030-01258-8\_13},
	doi       = {10.1007/978-3-030-01258-8\_13},
	timestamp = {Mon, 08 Oct 2018 17:08:06 +0200},
	biburl    = {https://dblp.org/rec/bib/conf/eccv/BaranchukBM18},
	bibsource = {dblp computer science bibliography, https://dblp.org}
}

@inproceedings{conf/stoc/indyk1998,
	author = {Indyk, Piotr and Motwani, Rajeev},
	title = {{Approximate Nearest Neighbors: Towards Removing the Curse of Dimensionality}},
	booktitle = {Proceedings of the Thirtieth Annual ACM Symposium on Theory of Computing},
	series = {STOC '98},
	year = {1998},
	isbn = {0-89791-962-9},
	location = {Dallas, Texas, USA},
	pages = {604--613},
	numpages = {10},
	url = {http://doi.acm.org/10.1145/276698.276876},
	doi = {10.1145/276698.276876},
	acmid = {276876},
	publisher = {ACM},
	address = {New York, NY, USA},
} 

@inproceedings{conf/poccs/broder1997,
	author = {Broder, A.},
	title = {{On the Resemblance and Containment of Documents}},
	booktitle = {Proceedings of the Compression and Complexity of Sequences 1997},
	series = {SEQUENCES '97},
	year = {1997},
	isbn = {0-8186-8132-2},
	pages = {21--},
	url = {http://dl.acm.org/citation.cfm?id=829502.830043},
	acmid = {830043},
	publisher = {IEEE Computer Society},
	address = {Washington, DC, USA},
} 

@inproceedings{conf/sigcg/datar2004,
	author = {Datar, Mayur and Immorlica, Nicole and Indyk, Piotr and Mirrokni, Vahab S.},
	title = {{Locality-sensitive Hashing Scheme Based on P-stable Distributions}},
	booktitle = {Proceedings of the Twentieth Annual Symposium on Computational Geometry},
	series = {SCG '04},
	year = {2004},
	isbn = {1-58113-885-7},
	location = {Brooklyn, New York, USA},
	pages = {253--262},
	numpages = {10},
	url = {http://doi.acm.org/10.1145/997817.997857},
	doi = {10.1145/997817.997857},
	acmid = {997857},
	publisher = {ACM},
	address = {New York, NY, USA},
	keywords = {p-stable distributions, approximate nearest neighbor, locally sensitive hashing, sublinear algorithm},
} 

@inproceedings{conf/stoc/charikar02,
	author = {Charikar, Moses S.},
	title = {{Similarity Estimation Techniques from Rounding Algorithms}},
	booktitle = {Proceedings of the Thiry-fourth Annual ACM Symposium on Theory of Computing},
	series = {STOC '02},
	year = {2002},
	isbn = {1-58113-495-9},
	location = {Montreal, Quebec, Canada},
	pages = {380--388},
	numpages = {9},
	url = {http://doi.acm.org/10.1145/509907.509965},
	doi = {10.1145/509907.509965},
	acmid = {509965},
	publisher = {ACM},
	address = {New York, NY, USA},
} 
@article{journal/siamdm/motwani2007,
	author    = {Rajeev Motwani and
	Assaf Naor and
	Rina Panigrahy},
	title     = {{Lower Bounds on Locality Sensitive Hashing}},
	journal   = {{SIAM} J. Discrete Math.},
	volume    = {21},
	number    = {4},
	pages     = {930--935},
	year      = {2007}
}

@article{journal/atct/odonnell2014,
	author = {O'Donnell, Ryan and Wu, Yi and Zhou, Yuan},
	title = {{Optimal Lower Bounds for Locality-Sensitive Hashing (Except When Q is Tiny)}},
	journal = {ACM Trans. Comput. Theory},
	issue_date = {March 2014},
	volume = {6},
	number = {1},
	month = mar,
	year = {2014},
	issn = {1942-3454},
	pages = {5:1--5:13},
	articleno = {5},
	numpages = {13},
	url = {http://doi.acm.org/10.1145/2578221},
	doi = {10.1145/2578221},
	acmid = {2578221},
	publisher = {ACM},
	address = {New York, NY, USA},
	keywords = {Fourier analysis of boolean functions, LSH, locality-sensitive hashing, noise sensitivity, noise stability},
} 

@inproceedings{conf/soda/panigrahy2006,
	author = {Panigrahy, Rina},
	title = {{Entropy Based Nearest Neighbor Search in High Dimensions}},
	booktitle = {Proceedings of the Seventeenth Annual ACM-SIAM Symposium on Discrete Algorithm},
	series = {SODA '06},
	year = {2006},
	isbn = {0-89871-605-5},
	location = {Miami, Florida},
	pages = {1186--1195},
	numpages = {10},
	url = {http://dl.acm.org/citation.cfm?id=1109557.1109688},
	acmid = {1109688},
	publisher = {Society for Industrial and Applied Mathematics},
	address = {Philadelphia, PA, USA},
} 

@inproceedings{conf/vldb/lv2007,
	author = {Lv, Qin and Josephson, William and Wang, Zhe and Charikar, Moses and Li, Kai},
	title = {{Multi-probe LSH: Efficient Indexing for High-dimensional Similarity Search}},
	booktitle = {Proceedings of the 33rd International Conference on Very Large Data Bases},
	series = {VLDB '07},
	year = {2007},
	isbn = {978-1-59593-649-3},
	location = {Vienna, Austria},
	pages = {950--961},
	numpages = {12},
	url = {http://dl.acm.org/citation.cfm?id=1325851.1325958},
	acmid = {1325958},
	publisher = {VLDB Endowment},
}

@inproceedings{conf/sigmod/gan2012,
	author = {Gan, Junhao and Feng, Jianlin and Fang, Qiong and Ng, Wilfred},
	title = {{Locality-sensitive Hashing Scheme Based on Dynamic Collision Counting}},
	booktitle = {Proceedings of the 2012 ACM SIGMOD International Conference on Management of Data},
	series = {SIGMOD '12},
	year = {2012},
	isbn = {978-1-4503-1247-9},
	location = {Scottsdale, Arizona, USA},
	pages = {541--552},
	numpages = {12},
	url = {http://doi.acm.org/10.1145/2213836.2213898},
	doi = {10.1145/2213836.2213898},
	acmid = {2213898},
	publisher = {ACM},
	address = {New York, NY, USA},
	keywords = {dynamic collision counting, locality sensitive hashing},
} 

@INPROCEEDINGS{conf/icassp/jegou2011,
	author={H. {Jegou} and R. {Tavenard} and M. {Douze} and L. {Amsaleg}},
	booktitle={2011 IEEE International Conference on Acoustics, Speech and Signal Processing (ICASSP)},
	title={{Searching in one billion vectors: Re-rank with source coding}},
	year={2011},
	volume={},
	number={},
	pages={861-864},
	keywords={indexing;source coding;source coding;compressed-domain indexing method;post verification scheme;high dimensional indexing algorithm;vector representation;Indexing;Approximation methods;Source coding;Quantization;Artificial neural networks;Approximation algorithms;nearest neighbor search;quantization;source coding;high dimensional indexing;large databases},
	doi={10.1109/ICASSP.2011.5946540},
	ISSN={2379-190X},
	month={May},}



@article{journal/pvldb/echihabi2018,
	author    = {Karima Echihabi and
	Kostas Zoumpatianos and
	Themis Palpanas and
	Houda Benbrahim},
	title     = {{The Lernaean Hydra of Data Series Similarity Search: An Experimental Evaluation of the State of the Art}},
	journal   = {{PVLDB}},
	volume    = {12},
	number    = {2},
	pages     = {112--127},
	year      = {2018}
}

@InProceedings{conf/iccv/sivic2003,
	author       = "Sivic, J. and Zisserman, A.",
	title        = "{{Video Google}: {A} Text Retrieval Approach to Object Matching in Videos}",
	booktitle    = "IEEE International Conference on Computer Vision",
	volume       = "2",
	pages        = "1470--1477",
	year         = "2003",
}

@article{journal/iccv/xia2013,
	title={{Joint Inverted Indexing}},
	author={Yan Xia and Kaiming He and Fang Wen and Jian Sun},
	journal={2013 IEEE International Conference on Computer Vision},
	year={2013},
	pages={3416-3423}
}

@article{journal/corr/andoni2018,
	author    = {Alexandr Andoni and
	Piotr Indyk and
	Ilya P. Razenshteyn},
	title     = {{Approximate Nearest Neighbor Search in High Dimensions}},
	journal   = {CoRR},
	volume    = {abs/1806.09823},
	year      = {2018}
}

@article{journal/is/malkov2014,
	title = {{Approximate nearest neighbor algorithm based on navigable small world graphs}},
	journal = {Information Systems},
	volume = {45},
	pages = {61 - 68},
	year = {2014},
	issn = {0306-4379},
	doi = {https://doi.org/10.1016/j.is.2013.10.006},
	url = {http://www.sciencedirect.com/science/article/pii/S0306437913001300},
	author = {Yury Malkov and Alexander Ponomarenko and Andrey Logvinov and Vladimir Krylov},
}

@inproceedings{journal/nips/liu2004,
	author = {Liu, Ting and Moore, Andrew W. and Gray, Alexander and Yang, Ke},
	title = {{An Investigation of Practical Approximate Nearest Neighbor Algorithms}},
	booktitle = {Proceedings of the 17th International Conference on Neural Information Processing Systems},
	series = {NIPS'04},
	year = {2004},
	location = {Vancouver, British Columbia, Canada},
	pages = {825--832},
	numpages = {8},
	url = {http://dl.acm.org/citation.cfm?id=2976040.2976144},
	acmid = {2976144},
	publisher = {MIT Press},
	address = {Cambridge, MA, USA},
} 

@inproceedings{conf/siam/arya1993,
	author = {Arya, Sunil and Mount, David M.},
	title = {{Approximate Nearest Neighbor Queries in Fixed Dimensions}},
	booktitle = {Proceedings of the Fourth Annual ACM-SIAM Symposium on Discrete Algorithms},
	series = {SODA '93},
	year = {1993},
	isbn = {0-89871-313-7},
	location = {Austin, Texas, USA},
	pages = {271--280},
	numpages = {10},
	url = {http://dl.acm.org/citation.cfm?id=313559.313768},
	acmid = {313768},
	publisher = {Society for Industrial and Applied Mathematics},
	address = {Philadelphia, PA, USA},
} 

@INPROCEEDINGS{conf/iccv/wang2013,
	author={J. {Wang} and J. {Wang} and G. {Zeng} and R. {Gan} and S. {Li} and B. {Guo}},
	booktitle={2013 IEEE International Conference on Computer Vision},
	title={{Fast Neighborhood Graph Search Using Cartesian Concatenation}},
	year={2013},
	volume={},
	number={},
	pages={2128-2135},
	keywords={approximation theory;data structures;graph theory;learning (artificial intelligence);search problems;fast neighborhood graph search;Cartesian concatenation;data structure;neighborhood graph;bridge graph;bridge vector;reference vectors;GIST;SIFT;HOG;ANN search algorithms;IV-FADC system;BIGANN dataset;approximate nearest neighbor search;machine learning;Vectors;Bridges;Accuracy;Artificial neural networks;Indexes;Approximation algorithms;Quantization (signal)},
	doi={10.1109/ICCV.2013.265},
	ISSN={1550-5499},
	month={Dec},}


@inproceedings{conf/icmm/jiang2016,
	author = {Jiang, Zhansheng and Xie, Lingxi and Deng, Xiaotie and Xu, Weiwei and Wang, Jingdong},
	title = {{Fast Nearest Neighbor Search in the Hamming Space}},
	booktitle = {Proceedings, Part I, of the 22Nd International Conference on MultiMedia Modeling - Volume 9516},
	series = {MMM 2016},
	year = {2016},
	isbn = {978-3-319-27670-0},
	location = {Miami, FL, USA},
	pages = {325--336},
	numpages = {12},
	url = {https://doi.org/10.1007/978-3-319-27671-7_27},
	doi = {10.1007/978-3-319-27671-7_27},
	acmid = {2993094},
	publisher = {Springer-Verlag},
	address = {Berlin, Heidelberg},
	keywords = {Approximate nearest neighbor search, Augmented neighborhood graph, Bridge vectors, Hamming space},
} 

@InProceedings{journal/apr/chavez2010,
	author="Ch{\'a}vez, Edgar
	and Sadit Tellez, Eric",
	editor="Mart{\'i}nez-Trinidad, Jos{\'e} Francisco
	and Carrasco-Ochoa, Jes{\'u}s Ariel
	and Kittler, Josef",
	title={{Navigating K-Nearest Neighbor Graphs to Solve Nearest Neighbor Searches}},
	booktitle="Advances in Pattern Recognition",
	year="2010",
	publisher="Springer Berlin Heidelberg",
	address="Berlin, Heidelberg",
	pages="270--280",
}

@inproceedings{conf/sigkdd/aoyama2011,
	author = {Aoyama, Kazuo and Saito, Kazumi and Sawada, Hiroshi and Ueda, Naonori},
	title = {{Fast Approximate Similarity Search Based on Degree-reduced Neighborhood Graphs}},
	booktitle = {Proceedings of the 17th ACM SIGKDD International Conference on Knowledge Discovery and Data Mining},
	series = {KDD '11},
	year = {2011},
	isbn = {978-1-4503-0813-7},
	location = {San Diego, California, USA},
	pages = {1055--1063},
	numpages = {9},
	url = {http://doi.acm.org/10.1145/2020408.2020576},
	doi = {10.1145/2020408.2020576},
	acmid = {2020576},
	publisher = {ACM},
	address = {New York, NY, USA},
	keywords = {approximate algorithm, index structure, neighborhood graph, similarity search},
} 

@inproceedings{conf/sisap/chavez2015,
	author = {Ruiz, Guillermo and Ch\'{a}vez, Edgar and Graff, Mario and T{\'e}llez, Eric S.},
	title = {{Finding Near Neighbors Through Local Search}},
	booktitle = {Proceedings of the 8th International Conference on Similarity Search and Applications - Volume 9371},
	series = {SISAP 2015},
	year = {2015},
	isbn = {978-3-319-25086-1},
	location = {Glasgow, UK},
	pages = {103--109},
	numpages = {7},
	url = {https://doi.org/10.1007/978-3-319-25087-8_10},
	doi = {10.1007/978-3-319-25087-8_10},
	acmid = {2977226},
	publisher = {Springer-Verlag},
	address = {Berlin, Heidelberg},
} 


@article{journal/vldbj/navarro2002,
	author = {Navarro, Gonzalo},
	title = {{Searching in Metric Spaces by Spatial Approximation}},
	journal = {The VLDB Journal},
	issue_date = {August 2002},
	volume = {11},
	number = {1},
	month = aug,
	year = {2002},
	issn = {1066-8888},
	pages = {28--46},
	numpages = {19},
	url = {http://dx.doi.org/10.1007/s007780200060},
	doi = {10.1007/s007780200060},
	acmid = {767095},
	publisher = {Springer-Verlag New York, Inc.},
	address = {Secaucus, NJ, USA},
	keywords = {Multimedia databases, Similarity or proximity search, Spatial and multidimensional search, Spatial approximation tree},
} 
@inproceedings{conf/sisap/tellez2011,
	author = {Tellez, Eric Sadit and Ch\'{a}vez, Edgar and Navarro, Gonzalo},
	title = {{Succinct Nearest Neighbor Search}},
	booktitle = {Proceedings of the Fourth International Conference on SImilarity Search and APplications},
	series = {SISAP '11},
	year = {2011},
	isbn = {978-1-4503-0795-6},
	location = {Lipari, Italy},
	pages = {33--40},
	numpages = {8},
	url = {http://doi.acm.org/10.1145/1995412.1995420},
	doi = {10.1145/1995412.1995420},
	acmid = {1995420},
	publisher = {ACM},
	address = {New York, NY, USA},
} 
@inproceedings{conf/stoc/kleinberg2000,
	author = {Kleinberg, Jon},
	title = {{The Small-world Phenomenon: An Algorithmic Perspective}},
	booktitle = {Proceedings of the Thirty-second Annual ACM Symposium on Theory of Computing},
	series = {STOC '00},
	year = {2000},
	isbn = {1-58113-184-4},
	location = {Portland, Oregon, USA},
	pages = {163--170},
	numpages = {8},
	url = {http://doi.acm.org/10.1145/335305.335325},
	doi = {10.1145/335305.335325},
	acmid = {335325},
	publisher = {ACM},
	address = {New York, NY, USA},
}

@incollection{conf/map/johnson84,
	author = {Johnson, William and Lindenstrauss, Joram},
	booktitle = {Conference in modern analysis and probability (New Haven, Conn., 1982)},
	citeulike-article-id = {7030987},
	keywords = {hilbert, mappings, spaces},
	pages = {189--206},
	posted-at = {2010-08-24 14:44:11},
	priority = {2},
	publisher = {American Mathematical Society},
	series = {Contemporary Mathematics},
	title = {{Extensions of {L}ipschitz mappings into a {H}ilbert space}},
	volume = {26},
	year = {1984}
}

@article{journal/cacm/bentley1975,
	author = {Bentley, Jon Louis},
	title = {{Multidimensional Binary Search Trees Used for Associative Searching}},
	journal = {Commun. ACM},
	issue_date = {Sept. 1975},
	volume = {18},
	number = {9},
	month = sep,
	year = {1975},
	issn = {0001-0782},
	pages = {509--517},
	numpages = {9},
	url = {http://doi.acm.org/10.1145/361002.361007},
	doi = {10.1145/361002.361007},
	acmid = {361007},
	publisher = {ACM},
	address = {New York, NY, USA},
	keywords = {associative retrieval, attribute, binary search trees, binary tree insertion, information retrieval system, intersection queries, key, nearest neighbor queries, partial match queries},
} 
@inproceedings{conf/vldb/bertchold1996,
	author = {Berchtold, Stefan and Keim, Daniel A. and Kriegel, Hans-Peter},
	title ={{The X-tree: An Index Structure for High-Dimensional Data}},
	booktitle = {Proceedings of the 22th International Conference on Very Large Data Bases},
	series = {VLDB '96},
	year = {1996},
	isbn = {1-55860-382-4},
	pages = {28--39},
	numpages = {12},
	url = {http://dl.acm.org/citation.cfm?id=645922.673502},
	acmid = {673502},
	publisher = {Morgan Kaufmann Publishers Inc.},
	address = {San Francisco, CA, USA},
} 

@INPROCEEDINGS{conf/icde/shatkay1996,
	author={H. {Shatkay} and S. B. {Zdonik}},
	booktitle={Proceedings of the Twelfth International Conference on Data Engineering},
	title={{Approximate queries and representations for large data sequences}},
	year={1996},
	volume={},
	number={},
	pages={536-545},
	keywords={divide and conquer methods;medical computing;query processing;uncertainty handling;scientific information systems;database theory;search problems;computational geometry;data structures;large data sequences;database application domains;experimental sciences;medicine;approximate representation;search space;approximate queries;general divide and conquer approach;medical cardiology data;Databases;Solids;Shape;Contracts;Computer science;Application software;Cardiology;Tiles;Subcontracting;Pattern matching},
	doi={10.1109/ICDE.1996.492204},
	ISSN={1063-6382},
	month={Feb},}

@inproceedings{conf/kdd/Keogh1997,
	author = {Keogh, Eamonn and Smyth, Padhraic},
	title = {{A Probabilistic Approach to Fast Pattern Matching in Time Series Databases}},
	booktitle = {Proceedings of the Third International Conference on Knowledge Discovery and Data Mining},
	series = {KDD'97},
	year = {1997},
	location = {Newport Beach, CA},
	pages = {24--30},
	numpages = {7},
	url = {http://dl.acm.org/citation.cfm?id=3001392.3001397},
	acmid = {3001397},
	publisher = {AAAI Press},
} 
@INPROCEEDINGS{conf/ssdm/Wang2000,
	author={ and X. {Sean Wang}},
	booktitle={Proceedings. 12th International Conference on Scientific and Statistica Database Management},
	title={{Supporting content-based searches on time series via approximation}},
	year={2000},
	volume={},
	number={},
	pages={69-81},
	keywords={content-based retrieval;time series;wavelet transforms;content-based searches;time series retrieval;approximation theory;database techniques;shapes;trends;cyclic components;autocorrelation functions;partial autocorrelation functions;content-based queries;wavelet;stock price data set;random walk data set;query processing time;Time series analysis;Autocorrelation;Databases;Shape;Approximation methods;Economic forecasting;Content based retrieval;Query processing;NASA;Geoscience},
	doi={10.1109/SSDM.2000.869779},
	ISSN={1099-3371},
	month={July},
}

@article{journal/omega/Flores1986,
	title = {{A pragmatic view of accuracy measurement in forecasting}},
	journal = "Omega",
	volume = "14",
	number = "2",
	pages = "93 - 98",
	year = "1986",
	issn = "0305-0483",
	doi = "https://doi.org/10.1016/0305-0483(86)90013-7",
	url = "http://www.sciencedirect.com/science/article/pii/0305048386900137",
	author = "Benito E Flores",
}

@ARTICLE{journal/tkde/wang1995,
	author={R. Y. {Wang} and V. C. {Storey} and C. P. {Firth}},
	journal={IEEE Transactions on Knowledge and Data Engineering},
	title={{A framework for analysis of data quality research}},
	year={1995},
	volume={7},
	number={4},
	pages={623-640},
	keywords={data analysis;database management systems;business data processing;data integrity;quality control;information analysis;data quality research analysis;organizational databases;data quality;product manufacturing;data manufacturing;data quality literature;management;assurance costs;research and development;production;distribution;personnel management;legal function;Data analysis;Pulp manufacturing;Research and development management;Research and development;Production;Databases;Organizing;Cost function;Personnel;Law},
	doi={10.1109/69.404034},
	ISSN={1041-4347},
	month={Aug},
}

@Inbook{journal/bdic/hoeren2018,
	author="Hoeren, Thomas",
	editor="Hoeren, Thomas
	and Kolany-Raiser, Barbara",
	title={{Big Data and Data Quality}},
	bookTitle="Big Data in Context: Legal, Social and Technological Insights",
	year="2018",
	publisher="Springer International Publishing",
	address="Cham",
	pages="1--12",
	isbn="978-3-319-62461-7",
	doi="10.1007/978-3-319-62461-7_1",
	url="https://doi.org/10.1007/978-3-319-62461-7_1"
}

@INPROCEEDINGS{conf/icde/saha2014,
	author={B. {Saha} and D. {Srivastava}},
	booktitle={2014 IEEE 30th International Conference on Data Engineering},
	title={{Data quality: The other face of Big Data}},
	year={2014},
	volume={},
	number={},
	pages={1294-1297},
	keywords={Big Data;decision making;Internet;quality management;data-driven decision making;Web databases;data analysis;data volume;data velocity;data variety;source diversity;big data quality management;Information management;Data handling;Data storage systems;Databases;Maintenance engineering;Quality management;Cleaning},
	doi={10.1109/ICDE.2014.6816764},
	ISSN={1063-6382},
	month={March},}

@INPROCEEDINGS{conf/icde/zhang2019,
	author={L. {Zhang} and N. {Alghamdi} and M. Y. {Eltabakh} and E. A. {Rundensteiner}},
	booktitle={2019 IEEE 35th International Conference on Data Engineering (ICDE)},
	title={{TARDIS: Distributed Indexing Framework for Big Time Series Data}},
	year={2019},
	volume={},
	number={},
	pages={1202-1213},
	keywords={approximation theory;data mining;database indexing;nearest neighbour methods;parallel processing;query processing;search problems;time series;trees (mathematics);centralized global index;data partition;kNN approximate queries;TB scale;big time series data;time series similarity queries;iSAX-based structures;highly deep index tree;expensive search cost;iSAX character-level cardinality;time series objects;word-level variable cardinality;distributed time series processing systems;TARDIS distributed indexing framework;iSAX index tree;Apache Spark;local distributed indices;Time series analysis;Indexing;Distributed databases;Feature extraction;Binary trees;Vegetation;Time Series, Whole Similarity Matching, Indexing, Exact Matching Query, kNN Approximate Query, iSAX-T, sigTree, Word-level Cardinality, TARDIS},
	doi={10.1109/ICDE.2019.00110},
	ISSN={2375-026X},
	month={April},}

@article{journal/pvldb/fu2019,
	author = {Fu, Cong and Xiang, Chao and Wang, Changxu and Cai, Deng},
	title = {{Fast Approximate Nearest Neighbor Search with the Navigating Spreading-out Graph}},
	journal = {PVLDB.},
	volume = {12},
	number = {5},
	year = {2019},
	issn = {2150-8097},
	pages = {461--474},
	numpages = {14},
	url = {https://doi.org/10.14778/3303753.3303754},
	doi = {10.14778/3303753.3303754},
	acmid = {3316437},
	publisher = {VLDB Endowment},
} 

@inproceedings{conf/cikm/bahmani2012,
	author = {Bahmani, Bahman and Goel, Ashish and Shinde, Rajendra},
	title = {{Efficient Distributed Locality Sensitive Hashing}},
	booktitle = {Proceedings of the 21st ACM International Conference on Information and Knowledge Management},
	series = {CIKM '12},
	year = {2012},
	isbn = {978-1-4503-1156-4},
	location = {Maui, Hawaii, USA},
	pages = {2174--2178},
	numpages = {5},
	url = {http://doi.acm.org/10.1145/2396761.2398596},
	doi = {10.1145/2396761.2398596},
	acmid = {2398596},
	publisher = {ACM},
	address = {New York, NY, USA},
	keywords = {distributed systems, locality sensitive hashing, mapreduce, similarity search},
} 
@article{journal/pvdlb/sundaram2013,
	title={{Streaming similarity search over one billion tweets using parallel locality-sensitive hashing}},
	author={Sundaram, Narayanan and Turmukhametova, Aizana and Satish, Nadathur and Mostak, Todd and Indyk, Piotr and Madden, Samuel and Dubey, Pradeep},
	journal={{PVLDB}},
	volume={6},
	number={14},
	pages={1930--1941},
	year={2013},
	publisher={VLDB Endowment}
}

@inproceedings{conf/edbt/Haghani:2009:DSS:1516360.1516446,
	author = {Haghani, Parisa and Michel, Sebastian and Aberer, Karl},
	title = {{Distributed Similarity Search in High Dimensions Using Locality Sensitive Hashing}},
	booktitle = {Proceedings of the 12th International Conference on Extending Database Technology: Advances in Database Technology},
	series = {EDBT '09},
	year = {2009},
	isbn = {978-1-60558-422-5},
	location = {Saint Petersburg, Russia},
	pages = {744--755},
	numpages = {12},
	url = {http://doi.acm.org/10.1145/1516360.1516446},
	doi = {10.1145/1516360.1516446},
	acmid = {1516446},
	publisher = {ACM},
	address = {New York, NY, USA},
	keywords = {KNN search, P2P, distributed high dimensional search, high dimensionality, range query},
} 
@INPROCEEDINGS{flann,
	author = {Marius Muja and David G. Lowe},
	title = {{Fast approximate nearest neighbors with automatic algorithm configuration}},
	booktitle = {VISAPP International Conference on Computer Vision Theory and Applications},
	year = {2009},
	pages = {331--340}
}
@INPROCEEDINGS{random-kd-trees,
	author={C. {Silpa-Anan} and R. {Hartley}},
	booktitle={2008 IEEE Conference on Computer Vision and Pattern Recognition},
	title={{Optimised KD-trees for fast image descriptor matching}},
	year={2008},
	volume={},
	number={},
	pages={1-8},
	keywords={image matching;principal component analysis;trees (mathematics);image descriptor matching;multiple KD-trees;SIFT descriptors;principal component analysis;Application software;Image recognition;Image databases;Indexing;Principal component analysis;Binary search trees;Binary trees;Computer vision;Image retrieval;Search methods},
	doi={10.1109/CVPR.2008.4587638},
	ISSN={1063-6919},
	month={June},}

@article{qalsh,
	author = {Huang, Qiang and Feng, Jianlin and Zhang, Yikai and Fang, Qiong and Ng, Wilfred},
	title ={{Query-aware Locality-sensitive Hashing for Approximate Nearest Neighbor Search}},
	journal = {PVLDB},
	volume = {9},
	number = {1},
	year = {2015},
	issn = {2150-8097},
	pages = {1--12},
	numpages = {12},
} 
@article{hdindex,
	author = {Arora, Akhil and Sinha, Sakshi and Kumar, Piyush and Bhattacharya, Arnab},
	title = {{HD-index: Pushing the Scalability-accuracy Boundary for Approximate kNN Search in High-dimensional Spaces}},
	journal = {PVLDB},
	volume = {11},
	number = {8},
	year = {2018},
	issn = {2150-8097},
	pages = {906--919},
	numpages = {14},
} 

@inproceedings{ck-means,
	author = {Norouzi, Mohammad and Fleet, David J.},
	title = {{Cartesian K-Means}},
	booktitle = {Proceedings of the 2013 IEEE Conference on Computer Vision and Pattern Recognition},
	series = {CVPR '13},
	year = {2013},
	isbn = {978-0-7695-4989-7},
	pages = {3017--3024},
	numpages = {8},
} 

@INPROCEEDINGS{conf/CVPR/kalantidis2014,
	author={Y. {Kalantidis} and Y. {Avrithis}},
	booktitle={2014 IEEE Conference on Computer Vision and Pattern Recognition},
	title={{Locally Optimized Product Quantization for Approximate Nearest Neighbor Search}},
	year={2014},
	volume={},
	number={},
	pages={2329-2336},
	month={June},}

@article{nsg,
	author = {Fu, Cong and Xiang, Chao and Wang, Changxu and Cai, Deng},
	title = {{Fast Approximate Nearest Neighbor Search with the Navigating Spreading-out Graph}},
	journal = {PVLDB},
	volume = {12},
	number = {5},
	year = {2019},
	issn = {2150-8097},
	pages = {461--474},
	numpages = {14},
} 

@article{sk-lsh,
	title={{SK-LSH: An Efficient Index Structure for Approximate Nearest Neighbor Search}},
	author={Yingfan Liu and Jiangtao Cui and Zi Huang and Hui Li and Heng Tao Shen},
	journal={PVLDB},
	year={2014},
	volume={7},
	pages={745-756}
}

@article{journal/jda/bustos2004,
	author = {Bustos, Benjamin and Navarro, Gonzalo},
	title = {{Probabilistic Proximity Searching Algorithms Based on Compact Partitions}},
	journal = {J. of Discrete Algorithms},
	issue_date = {March 2004},
	volume = {2},
	number = {1},
	month = mar,
	year = {2004},
	issn = {1570-8667},
	pages = {115--134},
	numpages = {20},
} 

@INPROCEEDINGS{conf/icde/houle2005,
	author={M. E. {Houle} and {Jun Sakuma}},
	booktitle={21st International Conference on Data Engineering (ICDE'05)},
	title={{Fast approximate similarity search in extremely high-dimensional data sets}},
	year={2005},
	volume={},
	number={},
	pages={619-630},
	ISSN={1063-6382},
	month={April},}

@article{journal/tpami/chavez2008,
	author = {Chavez Gonzalez, Edgar and Figueroa, Karina and Navarro, Gonzalo},
	title = {{Effective Proximity Retrieval by Ordering Permutations}},
	journal = {IEEE Trans. Pattern Anal. Mach. Intell.},
	issue_date = {September 2008},
	volume = {30},
	number = {9},
	month = sep,
	year = {2008},
	issn = {0162-8828},
	pages = {1647--1658},
	numpages = {12},
	url = {http://dx.doi.org/10.1109/TPAMI.2007.70815},
	doi = {10.1109/TPAMI.2007.70815},
	acmid = {1441402},
	publisher = {IEEE Computer Society},
	address = {Washington, DC, USA},
}

@inproceedings{conf/icsis/amato2008,
	author = {Amato, Giuseppe and Savino, Pasquale},
	title = {{Approximate Similarity Search in Metric Spaces Using Inverted Files}},
	booktitle = {Proceedings of the 3rd International Conference on Scalable Information Systems},
	series = {InfoScale '08},
	year = {2008},
	isbn = {978-963-9799-28-8},
	location = {Vico Equense, Italy},
	pages = {28:1--28:10},
	articleno = {28},
	numpages = {10},

} 
@inproceedings{conf/vldb/yu2001,
	author = {Yu, Cui and Ooi, Beng Chin and Tan, Kian-Lee and Jagadish, H. V.},
	title = {{Indexing the Distance: An Efficient Method to KNN Processing}},
	booktitle = {Proceedings of the 27th International Conference on Very Large Data Bases},
	series = {VLDB '01},
	year = {2001},
	isbn = {1-55860-804-4},
	pages = {421--430},
	numpages = {10},
	url = {http://dl.acm.org/citation.cfm?id=645927.672178},
	acmid = {672178},
	publisher = {Morgan Kaufmann Publishers Inc.},
	address = {San Francisco, CA, USA},
} 

 BibTeX | EndNote | ACM Ref

@inproceedings{conf/pods/ooi2000,
	author = {Ooi, Beng Chin and Tan, Kian-Lee and Tan, Kian-Lee and Yu, Cui and Bressan, Stephane},
	title = {{Indexing the Edges\&Mdash;a Simple and Yet Efficient Approach to High-dimensional Indexing}},
	booktitle = {Proceedings of the Nineteenth ACM SIGMOD-SIGACT-SIGART Symposium on Principles of Database Systems},
	series = {PODS '00},
	year = {2000},
	isbn = {1-58113-214-X},
	location = {Dallas, Texas, USA},
	pages = {166--174},
	numpages = {9},
	url = {http://doi.acm.org/10.1145/335168.335219},
	doi = {10.1145/335168.335219},
	acmid = {335219},
	publisher = {ACM},
	address = {New York, NY, USA},
} 
@inproceedings{conf/sigmod/berchtold1998,
	author = {Berchtold, Stefan and B\"{o}hm, Christian and Kriegal, Hans-Peter},
	title = {{The Pyramid-technique: Towards Breaking the Curse of Dimensionality}},
	booktitle = {Proceedings of the 1998 ACM SIGMOD International Conference on Management of Data},
	series = {SIGMOD '98},
	year = {1998},
	isbn = {0-89791-995-5},
	location = {Seattle, Washington, USA},
	pages = {142--153},
	numpages = {12},
	url = {http://doi.acm.org/10.1145/276304.276318},
	doi = {10.1145/276304.276318},
	acmid = {276318},
	publisher = {ACM},
	address = {New York, NY, USA},
} 

 BibTeX | EndNote | ACM Ref

@article{journal/pvld/naidan2015,
	author = {Naidan, Bilegsaikhan and Boytsov, Leonid and Nyberg, Eric},
	title = {{Permutation Search Methods Are Efficient, Yet Faster Search is Possible}},
	journal = {PVLDB},
	volume = {8},
	number = {12},
	year = {2015},
	issn = {2150-8097},
	pages = {1618--1629},
	numpages = {12},
	url = {http://dx.doi.org/10.14778/2824032.2824059},
	doi = {10.14778/2824032.2824059},
	acmid = {2824059},
	publisher = {VLDB Endowment},
} 

@inproceedings{conf/vldb/echihabi19,
	author    = {Karima Echihabi},
	title     = {Truly Scalable Data Series Similarity Search},
	booktitle = {Proceedings of the {VLDB} 2019 PhD Workshop, co-located with the 45th
	International Conference on Very Large Databases {(VLDB} 2019), Los
	Angeles, California, USA, August 26-30, 2019.},
	year      = {2019},
	crossref  = {DBLP:conf/vldb/2019phd},
	url       = {http://ceur-ws.org/Vol-2399/paper11.pdf},
	timestamp = {Mon, 23 Sep 2019 16:12:21 +0200},
	biburl    = {https://dblp.org/rec/bib/conf/vldb/Echihabi19},
	bibsource = {dblp computer science bibliography, https://dblp.org}
}
